3275 6434
644 1496 775 1560 246
1435 1489 1633 1544 Liber
1668 1490 2131 1561 quaestionum

731 1686 835 1750 20.
893 1684 1069 1750 Haeo
1122 1682 1395 1749 diximus
1449 1700 1653 1766 panea
1706 1682 1783 1748 de
1837 1683 2083 1762 multia,
2139 1685 2213 1747 ut
2270 1682 2440 1748 uiam
2498 1680 2919 1767 panderemus

640 1788 1054 1876 intellegendi
1100 1789 1447 1855 seeundum
1494 1806 1567 1853 ea
1604 1807 1773 1872 quae
1820 1807 2010 1872 aupra
2054 1788 2466 1854 ostendimus.

1050 1997 1244 2066 cvll.
1292 1998 1401 2063 Da:
1451 1996 1770 2063 ORDINE
1817 1996 1994 2062 Dm!
2038 1997 2142 2062 m*
2187 1995 2511 2063 NOCTIS.

736 2141 794 2203 1.
860 2136 1182 2218 Quantum
1230 2137 1325 2202 ad
1397 2135 1616 2203 mundi
1690 2137 1997 2203 rationem
2060 2137 2352 2220 pertinet,
2416 2137 2712 2204 tenebrae
2779 2139 2923 2202 ante

640 2243 917 2329 legimus
964 2262 1153 2327 quam
1196 2243 1425 2310 lucem.
1471 2261 1545 2309 ea
1591 2244 1781 2324 enim,
1827 2261 1988 2325 quae
2034 2237 2112 2308 ad
2167 2242 2387 2308 mundi
2432 2241 2730 2309 fabricam
2782 2260 2932 2325 pro·
3011 2275 3034 2318 5

641 2346 928 2414 fecerunt
986 2362 1268 2432 quaeque
1322 2348 1515 2413 simul
1559 2348 1727 2413 faeta
1773 2348 2089 2425 uidentur,
2135 2347 2382 2412 lumine
2418 2346 2667 2430 priuata
2720 2347 2928 2413 suinae

641 2453 1134 2532 considerantur,
1207 2453 1274 2518 id
1336 2457 1437 2519 est
1505 2472 1667 2537 aqua
1729 2456 1895 2519 terra
1964 2452 2275 2529 tenebrae,
2342 2471 2415 2518 ex
2480 2452 2714 2536 quibua
2780 2471 2925 2519 eon-

639 2548 982 2644 paginatua
1053 2562 1152 2624 eat
1214 2558 1509 2638 mundus,
1584 2547 1780 2625 sicut·
1818 2560 2170 2625 continetur
2229 2559 2298 2623 in
2347 2556 2695 2642 Sapientia,
2762 2579 2919 2642 quae

641 2662 876 2730 dieitur
919 2654 1308 2731 Solomonis:
1349 2680 1428 2729 ex
1478 2664 1792 2730 materia
1835 2664 2102 2740 inuisa,
2150 2664 2273 2730 hoc
2319 2667 2420 2730 eat
2461 2663 2822 2730 tenebrosa.
2862 2671 2919 2732 et

639 2769 930 2836 tenebrae
975 2771 1140 2836 enim
1188 2774 1254 2836 et
1288 2788 1533 2853 aquam·
1562 2770 1793 2842 saetam
1840 2789 2016 2836 sacra
2061 2769 2387 2837 uolumina
2428 2769 2633 2852 ipsius
2684 2769 2915 2836 domini
2945 2790 2987 2834 ιο

640 2893 801 2942 uooe
819 2879 1139 2942 testantur
1155 2896 1268 2959 per
1284 2876 1541 2942 Eaeiam·
1557 2875 1889 2959 profetam:
1919 2895 2054 2960 ego
2081 2876 2299 2956 enim,
2329 2875 2555 2958 inquit,
2587 2877 2773 2942 deus
2798 2879 2916 2961 qui

640 2980 790 3046 feci
835 2980 1078 3046 lucem
1126 2984 1198 3046 et
1245 2981 1495 3063 ereaui
1544 2971 1917 3048 tenebras}
1966 2981 2260 3047 similiter
2306 2985 2372 3047 et
2426 3000 2536 3064 per
2592 2981 2802 3047 Dauid
2859 2991 2920 3047 et

638 3104 834 3169 aquas
881 3086 1083 3151 factas
1132 3088 1196 3151 et
1240 3089 1466 3150 terram
1515 3084 1825 3150 firmatam
1876 3105 2066 3168 anper
2108 3104 2304 3170 aquas
2352 3086 2616 3170 spiritua
2664 3093 2918 3153 sanctus

640 3190 937 3257 ostendit.
971 3191 1139 3275 quod
1169 3191 1464 3272 conuenit
1491 3195 1557 3255 et
1585 3190 1989 3275 euangelieae
2028 3181 2395 3257 auctoritati
2433 3197 2498 3257 et
2534 3193 2919 3275 apostolicae

641 3296 996 3380 traditioni‚·
1033 3297 1096 3361 in
1147 3297 1376 3379 quibus
1435 3297 1644 3362 omnia
1700 3297 1864 3362 facta
1917 3297 2219 3382 leguntur
2272 3302 2355 3373 et.
2411 3302 2487 3363 ut
2549 3297 2707 3363 nihil
2765 3299 2992 3363 emi-1⁵

641 3407 837 3485 peret,
872 3398 1047 3467 ‘ai'ue
1093 3420 1281 3484 quae
1328 3402 1398 3466 in
1447 3401 1683 3468 caelia
1731 3405 1926 3478 sunt,
1972 3403 2081 3479 ait,
2130 3403 2292 3468 siue
2330 3403 2624 3486 quaein
2665 3404 2915 3480 terris,

730 3509 792 3571 2.
839 3507 908 3571 In
948 3506 1064 3571 hac
1111 3525 1259 3593 ergo
1306 3509 1502 3590 parte,
1550 3525 1711 3590 quae
1757 3506 1835 3570 ad
1873 3510 2070 3572 terras
2110 3508 2401 3589 pertinet.
2440 3511 2584 3573 ante
2624 3508 2914 3575 tenebras

639 3610 914 3697 legimus
960 3630 1146 3696 quam
1193 3611 1418 3678 lucem.
1465 3613 1606 3691 hoc,
1653 3617 1958 3696 quantum
2006 3610 2084 3677 ad
2130 3611 2409 3678 ordinem
2448 3612 2742 3679 lectionis
2780 3633 2915 3697 per·

637 3717 819 3795 tinet,
866 3708 987 3783 non
1033 3721 1339 3799 quantum
1384 3717 1462 3783 ad
1509 3717 1911 3804 dignitatem:
1968 3736 2109 3783 nam
2157 3718 2380 3803 utique
2429 3718 2637 3786 multo
2689 3720 2918 3786 melior

635 3822 742 3888 lux
787 3842 975 3907 quam
1008 3818 1321 3888 tenebrae.
1357 3825 1420 3888 in
1458 3821 1674 3888 mundi
1714 3826 1921 3889 tamen
1960 3824 2200 3890 ratione
2236 3825 2343 3890 lux
2381 3825 2629 3908 aceepit
2661 3845 2911 3909 nomen,
2947 3850 3040 3894 20-

637 3931 712 3994 ut
757 3929 1180 4013 appellaretur
1224 3928 1360 4012 dies
1407 3934 1471 3993 et
1514 3928 1807 3994 tenebrae
1851 3949 1989 4009 nox,
2037 3929 2149 3996 aed
2195 3931 2312 3996 hac
2359 3930 2606 3997 scilicet
2648 3931 2910 4010 ratione,

637 4034 806 4118 quia,
838 4034 987 4101 dum
1023 4033 1478 4100 inluminantur
1511 4034 1803 4101 tenebrae
1842 4039 1909 4100 et
1942 4035 2244 4118 praeterit
2273 4036 2401 4114 lux,
2437 4035 2598 4101 illud
2632 4042 2913 4118 tempus,

636 4129 938 4224 quamdiu
983 4139 1202 4206 redeat
1243 4141 1368 4222 lux,
1413 4140 1644 4206 dicitur
1685 4160 1806 4206 nox
1851 4145 1918 4206 et
1958 4141 2119 4206 illud
2161 4138 2439 4226 'tempu8‚
2487 4161 2611 4225 qno
2658 4142 2910 4222 inl-umi-

636 4251 863 4313 nantur
888 4246 1204 4323 tenebrae,
1232 4245 1588 4330 appellatur
1613 4245 1770 4313 dies.
1809 4239 1924 4311 n'ox
1963 4265 2112 4332 ergo
2151 4266 2294 4313 eum
2334 4248 2582 4328 dicitur,
2622 4250 2913 4330 speratur

635 4351 888 4418 futurus
927 4351 1063 4417 dies
1111 4355 1194 4430 et,
1243 4347 1387 4417 eum
1431 4351 1569 4418 diea
1616 4351 1868 4430 dicitur,
1908 4356 2196 4435 speratur
2228 4354 2360 4419 fore
2393 4373 2535 4422 nox.
2573 4372 2721 4419 eum
2759 4372 2910 4420 uero
2943 4378 3039 4424 ιο

810 4611 844 4663 4
883 4609 965 4675 cf..
988 4609 1124 4666 Gen.
1166 4613 1213 4677 1,
1250 4611 1299 4665 2.
1338 4610 1372 4665 8
1577 4610 1610 4664 9
1649 4611 1773 4680 Sap.
1815 4612 1898 4673 11,
1939 4612 2003 4665 17
2045 4612 2158 4678 (18)
2375 4614 2436 4668 11
2478 4612 2620 4667 Eeaiss
2655 4616 2746 4681 45,
2784 4613 2834 4666 6.
2873 4614 2904 4667 ‘1

637 4697 704 4752 18
741 4697 806 4752 cs.
843 4696 933 4752 Pu.
974 4698 1092 4765 135,
1128 4700 1162 4754 6
1300 4700 1366 4755 1⁶
1404 4697 1517 4754 001.
1561 4700 1607 4761 1,
1644 4699 1731 4754 20.
1771 4698 1840 4753 es.
1879 4699 1995 4752 Iob.
2038 4700 2083 4765 1,
2122 4701 2155 4754 3
2311 4700 2375 4754 18
2414 4698 2480 4755 os.
2520 4699 2656 4756 Gen.
2695 4701 2745 4764 1.
2783 4702 2833 4755 2.
2870 4701 2904 4755 3

633 4785 704 4841 20
742 4785 809 4840 ef.
847 4784 981 4841 Gen.
1023 4788 1070 4853 1,
1108 4789 1142 4840 5

703 4908 738 4963 2
775 4924 840 4964 ea
874 4925 976 4964 om.
1014 4909 1072 4964 P
1280 4910 1314 4964 5
1351 4908 1610 4965 fabricam
1649 4908 1836 4965 mnndi
1871 4912 1994 4978 (on.
2033 4909 2123 4976 ad)
2164 4908 2271 4964 ΟΔ
2483 4909 2813 4981 proficerunt
2845 4911 2905 4966 X

632 4997 882 5068 Mnuiaa
916 5000 1008 5062 (m.
1043 5012 1162 5052 rec..
1181 5013 1227 5053 a.
1264 4997 1302 5052 1.
1340 4997 1628 5064 inuiaibili)
1664 4996 1741 5053 Μ
1885 5002 1972 5052 eat
1995 5009 2109 5053 ‘ona
2145 4997 2208 5053 X
2384 4997 2448 5063 11
2489 4999 2673 5073 inquit
2706 5015 2810 5058 out.
2845 4999 2903 5055 N

636 5085 704 5142 12
737 5084 934 5156 lucem]
972 5085 1146 5141 celum
1181 5084 1258 5140 P·
1375 5087 1582 5142 creauit
1619 5084 1732 5142 GN
1756 5090 1942 5155 (corr.)
2062 5087 2132 5143 18
2166 5087 2405 5143 firmauit
2438 5085 2495 5141 Ρ
2598 5086 2670 5143 20
2706 5087 2904 5158 accipit

633 5171 698 5236 C.
734 5173 917 5237 (eor-r.)
952 5172 1008 5227 Δ
1139 5172 1207 5227 21
1246 5173 1562 5245 appelletur
1582 5172 1808 5228 PGNX
1833 5178 1841 5186 '
1936 5174 2008 5229 22
2044 5175 2328 5245 praeteriit
2367 5172 2474 5230 ΟΧ
2611 5173 2773 5247 illud]
2809 5175 2901 5233 iun

633 5258 791 5316 ads}
834 5259 928 5314 ,28
962 5257 1159 5317 reuda
1193 5262 1381 5330 (σω-ν.)
1414 5261 1491 5315 Μ
1518 5259 1699 5317 radiat
1737 5260 1879 5319 (ΧΠ
1910 5261 2257 5331 (coi-r.)..FB
2287 5260 2470 5319 radiat
2507 5264 2617 5322 GA
2708 5264 2818 5336 'qni
2844 5264 2902 5320 X

632 5347 701 5402 25
737 5346 873 5417 lore]
911 5347 1096 5403 sutura
1130 5348 1315 5416 2:0³·
1348 5352 1485 5416 raa.)
1519 5349 1587 5407 N
