3275 6434
241 1180 302 1246 136
638 1175 738 1232 Liber
755 1175 991 1247 questionum

159 1388 162 1393 ’
236 1377 345 1439 turum
362 1371 395 1437 iu
413 1375 530 1438 terrem
547 1369 769 1458 promissionis
787 1372 918 1454 euoepte
936 1369 1034 1438 041414
1052 1374 1087 1437 41
1103 1370 1178 1437 Iesu
1197 1370 1264 1438 tilio
1282 1371 1384 1450 Neue,

237 1479 291 1561 qui
321 1478 410 1563 prius
442 1477 546 1544 Auses
578 1476 752 1544 (1144144144.
782 1494 839 1542 eos
870 1479 978 1542 numm
1010 1477 1065 1561 qni
1097 1477 1164 1543 neti
1194 1477 1321 1544 innunt
1351 1477 1383 1545 iu

235 1584 372 1663 desorto,
394 1583 483 1669 ipses
507 1581 587 1650 dixit
606 1583 792 1662 introturos,
819 1601 858 1648 ee
885 1582 970 1667 quod
997 1583 1155 1650 neseirent
1180 1584 1300 1651 bonum
1328 1587 1386 1651 sut

235 1691 366 1759 molum.
388 1689 510 1756 nescire
528 1692 635 1756 eutem
654 1690 774 1757 bonum
792 1690 847 1755 uei
869 1690 989 1755 melum
1013 1689 1203 1773 simplicitas
1227 1689 1384 1774 quendem

234 1800 286 1862 est
306 1796 472 1874 notnmiis,
495 1813 576 1880 quoe
598 1813 701 1879 neque
724 1795 763 1861 oi
786 1795 906 1862 bonum
928 1796 1093 1879 nequead
1115 1796 1235 1862 melum
1258 1796 1386 1863 emdits

234 1906 296 1979 est,
315 1902 375 1968 troo
397 1907 449 1969 est
470 1902 648 1987 ignorantia
665 1901 734 1969 sine
751 1902 884 1968 molitis.
907 1902 975 1967 siue
994 1920 1091 1969 sensu
1109 1903 1193 1968 euim
1212 1903 1384 1982 nnsoirnnr,

233 2008 292 2075 sod
314 2012 426 2074 uotum
448 2014 557 2075 nestm
579 2008 640 2074 hoe
661 2008 781 2076 bonum
804 2007 912 2088 hebet,
936 2008 1010 2093 quin
1038 2028 1134 2093 espen
1163 2013 1215 2075 est
1241 2008 1384 2076 odiseere

233 2113 413 2181 ueritatem.
437 2113 524 2180 fliius
547 2119 655 2181 eutem
678 2113 797 2181 dioboli
821 2114 873 2180 irio
895 2118 955 2194 est,
974 2115 1029 2199 qni
1051 2120 1147 2182 uetus
1170 2115 1263 2180 maiis
1285 2116 1383 2182 rebus

233 2219 398 2298 imbuitur,
422 2223 460 2285 ut
481 2220 532 2286 iris
559 2219 698 2297 student,
727 2239 808 2304 quoe
837 2221 966 2287 iuimioo
992 2225 1070 2287 sunt
1095 2221 1238 2301 erestori,
1260 2222 1384 2288 multoe

233 2325 382 2393 4414444444
406 2325 482 2394 deos
506 2331 539 2393 et
561 2327 612 2392 iris
630 2326 859 2394 immoinudnm
878 2327 970 2411 qussi
986 2327 1099 2394 mnndi
1117 2327 1306 2394 rectoribus.
1330 2328 1383 2394 hie

233 2431 262 2496 ei
284 2431 454 2517 resipiscet
476 2435 509 2497 et
531 2431 620 2500 iuxte
644 2435 788 2497 notorum
817 2450 909 2497 enom
937 2432 1055 2497 sentiet
1082 2431 1122 2497 od
1150 2435 1324 2498 ereetorem
1347 2451 1384 2500 so

234 2536 409 2617 contemno,
432 2537 518 2603 iilius
542 2537 603 2603 erit
624 2536 686 2603 dei.

278 2647 308 2709 2.
335 2644 382 2710 Ae
408 2663 464 2728 per
490 2644 551 2710 hoe
582 2663 687 2729 neque
718 2643 776 2710 iiiii
804 2642 857 2711 dei
883 2647 960 2712 snut
986 2645 1041 2727 qni
1074 2648 1247 2711 uusouninr
1278 2664 1384 2729 neque

233 2750 361 2816 dioboli.
385 2749 462 2834 qnid
485 2751 569 2817 enim
591 2750 672 2817 dioit
688 2751 831 2817 seinotor
853 2748 994 2816 ludueis:
1019 2768 1087 2816 uos
1111 2749 1154 2815 de
1176 2752 1284 2833 petro
1308 2750 1384 2817 ‹iis-

232 2855 319 2922 boio
357 2857 455 2922 estis
492 2860 531 2922 et
567 2857 905 2942 eoncupiscentiss
941 2857 1062 2941 putris
1099 2857 1220 2922 nostri
1258 2857 1382 2924 unitis

232 2962 379 3029 inoeroi
396 2961 488 3029 uides
503 2980 578 3049 ergo
593 2962 743 3048 oporibus
757 2965 792 3029 et
804 2963 1001 3047 professione
1015 2961 1099 3028 filios
1119 2962 1218 3028 essuri
1236 2961 1382 3040 diabolo,

231 3068 290 3135 hoe
308 3071 417 3135 eutem
440 3088 511 3136 esse
533 3070 618 3136 iiiios
637 3068 698 3147 dei,
723 3070 779 3154 qui
797 3069 983 3137 confitentes
1006 3070 1167 3155 proprium
1191 3087 1261 3136 esse
1285 3068 1381 3136 deum

232 3178 353 3259 putrem
378 3176 497 3242 Christi
520 3180 606 3242 reete
628 3181 803 3243 uersentur.
832 3177 879 3243 sie
906 3176 988 3242 onim
1012 3176 1091 3243 deus
1113 3175 1256 3242 institnit
1278 3195 1382 3262 genus

231 3285 386 3360 nestrum,
415 3286 453 3348 nt
479 3281 548 3348 sine
578 3300 674 3349 seusu
703 3284 769 3349 noti
795 3283 1043 3367 possibilitatem
1071 3285 1176 3348 tomen
1205 3280 1381 3348 hebeemus

232 3386 375 3454 diseendi
402 3388 473 3453 sine
499 3388 583 3455 bons
609 3390 679 3455 sine
707 3389 800 3466 mein,
825 3393 863 3454 ut
883 3388 947 3472 ipsi
969 3387 1061 3455 nobis
1084 3389 1143 3453 out
1161 3388 1249 3453 mein
1270 3387 1383 3472 4414441-

229 3496 340 3559 'ramus
373 3498 429 3558 ent
460 3494 553 3575 bono,
584 3497 622 3561 nt
654 3495 811 3561 laetemur
837 3494 870 3559 iu
898 3494 1001 3572 nobis,
1029 3512 1102 3560 eum
1130 3495 1215 3559 reete
1247 3497 1381 3578 egentes

230 3618 479 3687 remuneremur,
508 3602 565 3667 ent
591 3600 653 3684 ipsi
680 3601 773 3666 nobie
801 3600 995 3685 inputemns,
1024 3599 1052 3664 si
1081 3616 1178 3683 prono
1209 3603 1380 3682 seqrrentes

231 3704 486 3772 condemnemur.

301 4002 319 4056 2
338 4000 373 4056 44.
390 3999 472 4056 rium.
493 4002 536 4071 re,
554 4003 571 4057 e
590 4003 636 4072 (4).
657 4003 689 4057 rr
709 3995 766 4070 (44)
871 4001 888 4055 4
906 4000 940 4056 cr.
959 3999 1041 4057 num.
1062 4002 1103 4064 44,
1123 4001 1156 4055 44
1263 4000 1298 4055 44
1318 4000 1378 4055 444.

230 4091 257 4156 e,
274 4089 310 4144 44

141 4267 233 4336 defiP
251 4266 281 4327 il
303 4268 332 4319 et
355 4266 466 4336 exeepte
488 4267 512 4319 G
618 4265 713 4320 41441414
734 4264 788 4320 oF
807 4264 903 4335 celeph
925 4265 950 4320 G
973 4265 1050 4336 eniep
1069 4265 1105 4331 A,
1125 4267 1205 4336 (corr.
1224 4263 1332 4335 ohulep)
1350 4264 1379 4318 Β

230 4353 302 4407 ieetn
323 4351 439 4408 Oiosue
457 4352 518 4407 Nx
614 4362 702 4409 nenne·
722 4354 746 4408 0
762 4371 818 4408 nnn
837 4355 867 4408 X
956 4353 1093 4423 tprimus
1113 4353 1144 4406 X
1244 4368 1329 4407 susus
1348 4352 1380 4406 X

230 4440 417 4495 iiueseierent
435 4439 490 4494 FB
508 4442 663 4496 nescierunt
683 4442 736 4497 GA
772 4441 842 4496 boi
859 4441 917 4513 pr]
936 4458 952 4496 4
970 4442 1025 4497 FB
1044 4457 1095 4495 ose.
1117 4440 1170 4495 GA
1225 4440 1259 4494 sd
1279 4441 1340 4508 nit}
1360 4459 1376 4494 e

229 4527 285 4581 FB
303 4545 354 4583 ose.
376 4528 429 4582 (ΞΛ
538 4530 553 4582 'i
573 4529 670 4584 bonnm
689 4529 791 4585 benum
814 4531 1031 4597 (niteremini
1137 4530 1232 4599 espen]
1252 4546 1333 4600 uper
1354 4532 1378 4584 ί·

230 4616 336 4671 edicere
353 4616 409 4671 FB
498 4617 664 4673 8111144440
747 4619 793 4673 1414
811 4619 984 4686 (inieras.)
1003 4619 1040 4673 Μ
1123 4618 1203 4673 rebus
1221 4618 1300 4673 melis
1322 4617 1375 4673 ΘΔ

229 4708 246 4758 9
265 4704 387 4776 student]
407 4705 472 4760 deut
490 4706 527 4759 n!
542 4706 646 4762 sindist
666 4708 690 4760 0
738 4711 845 4762 orester
861 4708 898 4763 Π
938 4709 972 4763 14
990 4707 1040 4790 iiiii
1059 4713 1126 4761 444414
1142 4705 1245 4760 dioboli
1265 4706 1332 4760 odd.
1346 4707 1380 4760 N

230 4795 291 4864 nos]
312 4811 362 4848 uox
379 4794 417 4848 M
529 4796 561 4851 iti
580 4795 758 4866 professione]
777 4796 974 4851 confessionem
992 4801 1028 4865 (444
1048 4801 1129 4863 eros.)
1149 4794 1180 4849 N
1277 4796 1374 4865 oresti]

230 4883 346 4937 creatori
367 4882 423 4936 FB
523 4885 556 4939 ii
579 4884 649 4938 iiiios
673 4884 718 4938 dei
740 4901 800 4940 esse
825 4885 878 4940 GA
973 4885 1004 4939 21
1031 4889 1203 4954 reningenies
1226 4888 1317 4952 (eos-r.)
1341 4883 1377 4936 M

230 4970 264 5024 22
282 4987 483 5027 remuneremur
503 4973 533 5038 0,
551 4977 643 5041 (cerr.)
662 4972 689 5027 G
778 4975 837 5043 eut]
858 4979 889 5027 nt
906 4974 937 5027 X
998 4975 1033 5027 23
1052 4978 1275 5042 contempnenrur
1292 4973 1374 5042 (eom.

230 5062 434 5128 contemnimur)
455 5061 477 5114 O
