3275 6434
1351 1408 1499 1481 Cap.
1537 1409 1766 1467 cxxm
1802 1412 1995 1468 6—10.
2677 1417 2805 1483 377

530 1600 940 1685 prehendere,
985 1607 1290 1686 quantum
1340 1608 1438 1671 est
1482 1605 1651 1689 quod
1698 1605 1991 1685 creditur,
2035 1606 2363 1689 inperfecti
2410 1626 2651 1674 sumus.
2689 1607 2807 1692 igi·

529 1709 644 1771 tur
685 1709 981 1790 quoniam
1027 1713 1253 1791 putant
1296 1710 1741 1792 perfectionem
1791 1710 1963 1777 Adae
2006 1712 2343 1777 instaurari
2388 1713 2809 1790 credentibus,

533 1811 869 1879 uideamus
924 1815 979 1879 si
1033 1816 1188 1881 haec
1248 1816 1625 1883 instauratio
1689 1816 1848 1882 nihil
1908 1818 2077 1883 ultra
2130 1816 2275 1884 doni
2328 1818 2558 1884 habeat
2610 1817 2811 1883 diuini

535 1938 725 2001 quam
772 1919 975 1985 fuerat
1021 1926 1402 1988 consecutus
1447 1921 1672 1987 Adam.

459 2040 497 2086 a
629 2025 687 2090 9.
722 2025 1000 2092 ‘Factus’
1045 2027 1211 2092 enim
1258 2027 1458 2093 Adam
1501 2029 1770 2110 ‘positus
1818 2031 1918 2094 est
1960 2029 2021 2094 in
2071 2029 2381 2112 paradiso,
2420 2034 2494 2095 ut
2529 2049 2808 2113 operare-

534 2135 645 2196 tur
687 2131 777 2195 ibi
825 2135 892 2197 et
935 2133 1326 2210 custodiret’,
1372 2133 1492 2198 hoc
1539 2138 1660 2212 est,
1695 2137 1773 2199 ut
1806 2134 2044 2200 coleret
2087 2139 2313 2200 terram
2362 2138 2429 2200 et
2464 2136 2814 2202 custodiret

535 2242 872 2319 praecepta
896 2238 1019 2316 dei,
1057 2258 1168 2320 per
1203 2257 1361 2319 quae
1400 2239 1592 2304 sciret
1617 2239 1713 2305 sic
1741 2258 1810 2305 se
1839 2239 2185 2305 dominium
2225 2247 2598 2308 cunctorum
2636 2260 2808 2308 acco-

536 2342 735 2425 pisse‚
783 2345 859 2407 ut
902 2343 1038 2426 ipse
1075 2349 1285 2409 tamen
1331 2346 1452 2410 sub
1500 2347 1639 2430 lege
1687 2346 1935 2410 uiueret
1979 2347 2297 2424 creatoris,
2344 2365 2423 2412 ne
2469 2346 2810 2413 dominatio

539 2449 870 2514 extolleret
925 2469 1069 2515 eum
1133 2455 1197 2515 et
1239 2450 1495 2516 inflatus
1541 2450 1837 2533 superbia
1879 2451 2187 2517 inmemor
2230 2452 2413 2519 fieret
2456 2454 2559 2519 sui
2603 2450 2812 2518 condi-

438 2566 504 2610 10
538 2555 717 2620 toris.
764 2556 1010 2639 positus
1066 2574 1214 2640 ergo
1269 2560 1386 2636 est,
1439 2560 1515 2622 ut
1567 2555 1727 2626 cibis
1782 2559 2243 2622 sustentaretur
2295 2559 2432 2623 uita
2485 2559 2655 2634 eins3
2701 2577 2813 2641 per

540 2658 866 2726 Christum
913 2664 1123 2727 autem
1173 2662 1292 2727 hoc
1337 2679 1707 2727 concessum
1754 2664 1873 2740 est,
1919 2666 1996 2727 ut
2036 2667 2436 2747 resurgentes
2491 2682 2613 2728 non
2672 2681 2813 2747 ege-

541 2770 653 2829 ant
696 2765 836 2831 cibo
873 2768 981 2832 uel
1016 2769 1193 2849 pot-u,
1232 2767 1380 2851 qnia
1426 2767 1596 2849 quod
1642 2766 1904 2833 mortale
1951 2771 2053 2832 est
2094 2768 2366 2833 hominis
2414 2770 2816 2834 conuertetur

540 2870 606 2933 in
652 2871 874 2936 uitam.
920 2871 1126 2936 factus
1174 2874 1274 2937 est
1316 2871 1516 2937 Adam
1567 2875 1642 2936 ut
1683 2872 1993 2938 habitaret
2040 2873 2102 2938 in
2149 2876 2341 2949 tei-taz
2390 2872 2544 2939 fides
2600 2876 2811 2939 autem

542 2977 762 3061 largiri
807 2976 1066 3061 dignata
1109 2981 1229 3044 est.
1275 2981 1351 3043 ut
1393 2978 1455 3043 in
1504 2977 1696 3043 caelis
1743 2979 1831 3043 sit
1873 2978 2181 3044 habitatio
2228 2982 2458 3045 nostra.

432 3093 508 3141 π
638 3083 739 3147 10.
761 3081 1083 3166 Scriptura
1110 3082 1252 3167 ipsa
1277 3085 1570 3158 testatur,
1600 3082 1748 3165 quia
1776 3082 2047 3148 factus
2076 3087 2222 3160 est,
2252 3084 2477 3166 inquit,
2506 3083 2812 3168 primus

546 3188 774 3252 homo
819 3187 1060 3253 Adam
1109 3188 1181 3252 in
1231 3189 1571 3254 animam
1617 3187 2054 3268 uiuentem,
2104 3188 2513 3254 secundus
2550 3191 2814 3253 autem

545 3293 776 3359 homo
813 3293 889 3359 in
928 3294 1311 3376 spiritum
1345 3292 1945 3359 uiuificantem.
1975 3295 2300 3378 primus,
2330 3295 2436 3373 ait,
2464 3295 2692 3360 homo
2723 3293 2813 3359 de

545 3404 784 3474 terra,
815 3403 1220 3477 terrenus;
1261 3398 1673 3465 secundus
1711 3401 1937 3465 homo
1976 3400 2066 3464 de
2104 3400 2351 3480 caelo,
2387 3399 2814 3465 caelestist

547 3506 819 3588 qualis
866 3509 1267 3584 terrenus,
1316 3506 1529 3569 tales
1577 3508 1658 3569 et
1698 3506 2031 3579 terreniz
2082 3505 2353 3588 qualis
2400 3504 2814 3583 caelestis,

446 3619 508 3666 ⁸⁰
546 3612 760 3676 tales
801 3614 880 3676 et
917 3612 1347 3677 caelestes.
1387 3611 1540 3692 quid
1568 3613 1698 3675 tam
1731 3615 2017 3695 apertum
2047 3610 2415 3694 quiaAdam
2446 3630 2568 3677 non
2594 3609 2821 3675 habuit

546 3717 844 3799 spiritum
891 3720 1223 3782 sanctum?
1270 3716 1477 3781 factus
1523 3720 1624 3781 est
1669 3717 1833 3782 enim
1877 3717 1942 3782 in
1989 3716 2259 3783 animam
2308 3717 2654 3792 uiuentem,
2710 3733 2821 3797 per

548 3821 877 3887 Christum
924 3825 1136 3887 autem
1181 3822 1243 3887 in
1292 3823 1585 3906 spiritum
1642 3822 2096 3899 uiuificantem‚
2142 3826 2219 3888 nt
2260 3823 2450 3888 homo
2495 3823 2559 3887 in
2606 3822 2818 3904 aliquo

548 3927 781 3993 similis
818 3928 906 3993 sit
941 3929 1206 3993 creatori
1234 3932 1300 3992 et
1327 3928 1415 3994 sit
1442 3928 1609 4012 quod
1641 3927 1857 3994 credit.
1883 3928 2034 4012 quia
2059 3928 2222 3994 enim
2251 3928 2619 4012 mysterium
2652 3926 2820 4004 fidei,

549 4033 720 4116 quod
757 4033 835 4099 ad
873 4033 1141 4098 salutem
1173 4034 1389 4099 datum
1419 4038 1539 4113 est,
1568 4034 1803 4100 trinum
1832 4040 1950 4113 est,
1977 4033 2182 4100 trinus
2211 4033 2284 4098 fit
2308 4053 2588 4117 corpore,
2616 4033 2823 4099 anima

729 4294 762 4348 5
801 4292 868 4348 cs.
906 4292 1040 4348 Gen.
1077 4293 1128 4362 2,
1169 4296 1233 4348 15
1351 4294 1382 4346 7
1421 4292 1489 4351 cf.
1527 4293 1661 4348 Gen.
1703 4294 1750 4361 1,
1787 4294 1857 4348 26
1978 4293 2045 4348 10
2083 4293 2148 4346 cs.
2188 4291 2323 4348 Gen.
2360 4292 2412 4354 2,
2453 4292 2518 4346 16
2649 4291 2713 4346 14
2752 4289 2820 4345 cf.

547 4382 608 4438 11
645 4381 765 4438 cor.
797 4384 849 4448 5,
880 4382 925 4434 1.
963 4381 1104 4436 Phil.
1140 4383 1193 4443 3.
1228 4382 1299 4437 20
1392 4382 1458 4436 15
1483 4380 1512 4436 1
1540 4381 1659 4439 Cor.
1692 4382 1774 4450 15,
1801 4382 1873 4435 45
1964 4381 2030 4435 17
2058 4381 2086 4435 1
2115 4379 2235 4436 Cor.
2266 4382 2351 4447 15,
2376 4381 2462 4435 47.
2491 4378 2562 4434 48
2642 4379 2708 4432 21
2750 4377 2817 4433 cf.

549 4467 578 4523 1
620 4469 741 4524 Cor.
782 4470 866 4537 15,
902 4470 988 4524 45.
1024 4469 1052 4523 1
1088 4468 1273 4523 Thess.
1312 4470 1469 4538 5„23

627 4645 662 4698 2
697 4644 1000 4698 instaurare
1031 4642 1137 4698 ΟΔ
1234 4644 1269 4699 8
1307 4644 1464 4714 haec]
1498 4645 1601 4698 hac
1641 4642 1857 4698 C'NFG
1964 4643 1999 4698 6
2035 4643 2160 4712 hoc]
2202 4658 2233 4697 o
2262 4642 2333 4696 Π
2473 4639 2740 4696 custodire
2770 4639 2831 4693 N

553 4733 588 4787 ‘1
630 4733 731 4801 sic]
768 4733 845 4786 sit
876 4732 947 4786 M
1052 4730 1322 4786 domnium
1359 4730 1436 4786 M
1533 4733 1568 4786 8
1605 4731 1817 4786 uideret
1850 4732 2035 4799 (corr.)
2076 4730 2124 4784 Ο
2225 4747 2324 4785 nec
2359 4730 2415 4783 P
2517 4730 2551 4785 9
2588 4728 2732 4801 fierit
2756 4727 2831 4782 M

555 4819 866 4874 conditores
890 4819 966 4873 M
1034 4820 1098 4873 12
1125 4819 1247 4874 eibo
1274 4818 1351 4874 M
1449 4822 1833 4874 conuertentur
1857 4817 1931 4871 M
1952 4818 2288 4873 conuertitur
2318 4816 2479 4872 CNx
2551 4818 2618 4872 14
2644 4815 2826 4883 digni·

552 4912 645 4962 tas
682 4907 737 4961 P
808 4908 872 4961 15
910 4908 1029 4977 ipsa
1064 4922 1168 4961 om.
1202 4906 1273 4960 M
1354 4907 1418 4960 17
1454 4906 1650 4977 spiritu
1684 4906 1849 4961 CNX
1938 4905 2003 4960 19
2040 4905 2215 4975 qualis
2251 4904 2407 4975 (aad.
2445 4907 2576 4958 sunt
2607 4919 2651 4960 a.
2689 4903 2749 4975 1.)
2783 4901 2833 4958 0

553 4996 718 5064 bles!
761 4995 891 5050 talia
930 4994 1034 5050 00
1202 4999 1259 5049 et
1303 5001 1433 5050 amc
1469 4994 1647 5064 qualis
1695 4992 1824 5048 add.
1860 4992 1918 5047 P
2056 4992 2567 5064 qualis—caelestes
2612 5007 2716 5046 on.
2759 4990 2831 5046 Π

558 5084 747 5155 quales
774 5086 829 5139 Δ
864 5089 1065 5146 (corr),
1084 5084 1139 5136 Β
1208 5082 1279 5137 20
1296 5082 1425 5137 talis
1447 5082 1497 5138 G
1590 5080 1740 5152 qnid]
1770 5081 1864 5152 qui
1889 5080 1956 5135 N
2056 5082 2202 5152 quia]
2233 5082 2326 5151 qui
2357 5080 2416 5134 X
2483 5081 2548 5135 21
2580 5083 2827 5134 undum

552 5171 808 5242 spiritum
846 5171 900 5225 Ρ
1019 5169 1220 5226 factum
1248 5170 1304 5224 P
1424 5176 1511 5225 est
1545 5187 1649 5227 on.
1681 5169 1787 5224 GN
1888 5168 1958 5225 23
1995 5172 2055 5224 ct
2088 5169 2184 5239 sit]
2224 5185 2327 5224 om.
2353 5168 2414 5222 X
2445 5172 2503 5223 et
2536 5167 2641 5223 hoc
2676 5168 2748 5221 sit
2777 5165 2833 5220 P

556 5260 631 5315 24
667 5263 754 5314 cat
789 5253 909 5327 alal
948 5275 1005 5313 es
1040 5258 1115 5313 Π
1265 5257 1331 5312 fit
1365 5256 1486 5313 cdd.
1524 5259 1600 5312 sit
1634 5255 1791 5312 codd.
1943 5273 2035 5312 cor
2068 5273 2200 5327 pure
2236 5256 2292 5310 Ρ
2430 5256 2608 5310 animo
2642 5253 2719 5309 M
