3275 6434
475 1508 562 1572 60
1269 1502 1466 1558 Liber
1501 1503 1963 1572 quaestionum

563 1697 624 1761 3.
673 1695 798 1763 Sed
845 1696 1005 1761 fonte
1052 1695 1325 1761 dicatur:
1373 1700 1461 1760 ‘et
1504 1713 1649 1778 qua,
1696 1699 1905 1777 putas,
1951 1695 2167 1780 lingna
2204 1715 2463 1780 serpens
2501 1698 2761 1763 locutus

475 1807 577 1868 est
639 1801 716 1868 ad
775 1801 1170 1867 mulierem?’
1240 1802 1548 1885 serpentis
1602 1801 1827 1884 utique
1883 1819 2005 1868 ore.
2078 1802 2136 1867 si
2198 1803 2365 1868 enim
2427 1803 2618 1869 hodie
2685 1802 2763 1868 de

473 1929 594 1975 non
634 1912 802 1985 sunt,
844 1908 953 1990 qui
989 1907 1258 1972 latratus
1299 1925 1524 1973 canum
1570 1906 1947 1992 intellegant
1989 1910 2055 1972 et
2097 1908 2391 1991 luporum
2441 1908 2759 1974 ululatum

474 2020 541 2081 et
601 2015 908 2080 uarritum
975 2012 1455 2095 elephantorum
1520 2016 1588 2077 et
1650 2018 1907 2077 cantum
1971 2012 2312 2095 pullorum,
2379 2033 2571 2096 quare
2636 2034 2758 2080 non

476 2121 682 2206 magis
728 2118 903 2185 rudis
958 2119 1163 2184 adhuc
1209 2119 1439 2184 mulier
1492 2119 1654 2184 scire
1700 2119 1912 2200 potuit
1956 2122 2021 2184 et
2073 2117 2440 2203 intellegere
2496 2120 2755 2185 sibilum
2825 2139 2847 2181 ,ε

478 2231 862 2310 serpent-um,
910 2243 1054 2290 cum
1103 2223 1342 2290 multos
1381 2223 1660 2290 sciamus
1699 2224 1911 2288 auium
1950 2242 2143 2290 uoces
2179 2223 2577 2290 discernere?
2616 2243 2758 2290 nam

475 2337 541 2397 et
590 2336 840 2396 constat
883 2330 1203 2396 diabolum
1252 2330 1391 2394 eius
1438 2330 1656 2415 lingna
1703 2331 1819 2406 uti,
1869 2330 2052 2395 cuius
2109 2348 2339 2413 corpus
2395 2331 2759 2399 intrauerit:

474 2455 589 2502 nec
637 2437 820 2501 aliter
864 2436 1112 2501 falleret
1155 2435 1506 2500 mulierem.
1554 2454 1626 2500 ac
1676 2454 1786 2518 per
1833 2436 1949 2500 hoc
1998 2436 2310 2518 serpentis
2356 2455 2461 2501 ore
2501 2436 2761 2501 locutus

474 2545 577 2608 est
619 2560 731 2624 per
784 2547 1158 2625 serpentem.

473 2836 736 2903 XXXII.
794 2833 1165 2902 LEGIMUS
1212 2834 1441 2902 APUD
1491 2832 2044 2901 SOLOMONEM:
2093 2833 2363 2901 ‘DIUE'S
2412 2835 2514 2900 ET
2561 2836 2763 2902 PAU-
2803 2860 2846 2901 ιιι

475 2944 640 3009 PER
713 2939 1343 3017 OBUIAUERUNT3
1425 2940 1669 3006 FECIT
1749 2940 2042 3007 AUTEM
2122 2939 2407 3006 AMBOS
2484 2941 2762 3009 DEUS’:

479 3048 650 3129 QUO
702 3047 941 3113 MODO
994 3044 1214 3112 ERGO
1262 3044 1854 3113 ‘PERSONARUM
1906 3044 2313 3112 ACCEPTIO
2371 3046 2550 3113 NON
2606 3049 2762 3117 EST

1329 3151 1556 3217 APUD
1603 3151 1910 3218 DEUM’?

566 3294 621 3356 1.
661 3292 874 3376 Longe
922 3291 1090 3355 absit
1127 3310 1164 3355 a
1202 3289 1482 3355 fidelium
1520 3291 1841 3354 mentibus
1880 3291 2033 3355 haec
2080 3290 2425 3374 impietatis
2466 3292 2762 3358 adsertio.

475 3416 619 3462 nam
658 3398 987 3480 scriptura,
1027 3414 1103 3460 ne
1140 3414 1475 3480 pauperem
1517 3394 2039 3461 contemnendum
2079 3395 2333 3460 doceret
2378 3399 2443 3460 et
2487 3396 2752 3462 diuitem
2799 3424 2846 3464 ιε.

472 3501 1034 3579 honorificandum,
1093 3501 1373 3567 ostendit
1427 3501 1754 3566 amborum
1811 3499 2096 3582 opificem
2155 3519 2296 3566 esse
2352 3501 2565 3581 deum,
2633 3522 2752 3568 non

472 3610 695 3692 utique
737 3609 802 3673 in
849 3611 1216 3691 paupertate
1264 3612 1327 3671 et
1374 3606 1641 3685 diuitiis,
1690 3606 1803 3672 sed
1847 3607 1910 3671 in
1958 3605 2022 3670 id
2071 3607 2242 3690 quod
2287 3610 2457 3673 sunt.
2493 3609 2547 3672 si
2590 3608 2753 3674 enim

472 3714 885 3779 facultatibus
947 3713 1023 3778 ab
1080 3713 1355 3778 inuicem
1410 3712 1791 3794 discrepant,
1850 3730 1971 3776 non
2029 3716 2236 3775 tamen
2294 3719 2553 3778 naturae
2612 3715 2760 3778 sub-

474 3819 728 3885 stantia.
777 3838 892 3884 nec
929 3818 1095 3884 enim
1143 3818 1290 3901 quia
1339 3817 1701 3883 occasiones
1747 3821 2095 3900 prouentus
2149 3817 2455 3900 quosdam
2512 3818 2760 3884 faciunt

472 3925 535 3990 in
585 3924 820 3991 mundo
883 3928 995 3990 aut
1048 3942 1381 4008 prosperos
1426 3924 1488 3987 in
1538 3922 1784 3988 diuitiis
1845 3927 1957 3989 aut
2011 3923 2324 3990 infaustos
2372 3924 2433 3987 in
2490 3942 2753 4008 pauper·
2789 3952 2845 3995 20

472 4036 622 4108 tate,
670 4031 904 4096 idcirco
953 4029 1341 4114 despiciendi
1389 4034 1536 4095 sunt
1590 4048 1750 4112 quos
1808 4048 1929 4094 non
1988 4029 2143 4094 deus
2200 4029 2587 4107 humiliuuit‚
2644 4038 2755 4095 aut

471 4135 857 4219 suspiciendi
896 4136 1127 4218 quibus
1166 4137 1402 4200 ueritas
1440 4154 1563 4201 non
1603 4134 1779 4199 dedit
1811 4136 2270 4201 testimonium.
2312 4135 2752 4200 contemnendi

471 4243 652 4325 plane
699 4244 868 4318 sunt,
917 4240 1026 4306 sed
1078 4243 1474 4323 corruptores
1521 4258 1768 4304 morum
1818 4245 1882 4304 et
1928 4241 2221 4325 sacrilegi
2259 4241 2322 4305 in
2369 4241 2576 4326 legem
2628 4240 2748 4318 dei,

471 4346 815 4411 honorandi
862 4364 1011 4411 uero
1061 4345 1399 4429 diligentes
1447 4345 1633 4412 deum
1684 4351 1747 4412 et
1794 4345 2165 4428 disciplinae
2214 4347 2511 4411 cultores.

647 4622 715 4676 10
753 4621 912 4675 Prou.
950 4623 1036 4682 22.
1075 4623 1108 4675 2
1225 4621 1288 4674 12
1325 4619 1479 4674 Rom.
1516 4623 1568 4688 2,
1609 4624 1671 4676 11

538 4833 567 4895 ⁴l
610 4831 738 4900 quia
777 4831 837 4884 X
869 4835 1026 4896 (corr.
1064 4829 1249 4896 ΓΔΒ)
1355 4830 1389 4883 2
1427 4845 1649 4899 serpens
1677 4831 1737 4883 X
1877 4848 1983 4885 non
2023 4831 2220 4885 desunt
2255 4834 2406 4885 ΑΜΒ
2512 4834 2546 4887 3
2582 4834 2745 4888 latra-

466 4924 581 4973 tum
621 4918 675 4972 P
853 4918 1118 4972 ululatum
1154 4918 1401 4988 luporum
1437 4917 1493 4970 P
1650 4921 1685 4974 4
1722 4919 2039 4990 populorum
2075 4919 2197 4973 Nx
2338 4921 2371 4974 5
2408 4919 2642 4991 sybilum
2679 4922 2750 4975 M

468 5008 710 5063 sibillum
755 5007 802 5061 0
922 5008 956 5061 6
995 5009 1325 5078 serpentium
1363 5006 1425 5059 X
1556 5009 1586 5060 7
1628 5013 1690 5062 ut
1726 5009 1806 5062 uti
1848 5008 1895 5062 0
2014 5008 2049 5062 8
2087 5008 2276 5063 fallere
2315 5009 2377 5062 X
2551 5008 2744 5079 luqun·

465 5099 556 5152 tus
591 5095 666 5150 M
771 5096 838 5149 11
876 5093 1202 5150 obiauerunt
1233 5093 1280 5147 0
1380 5096 1445 5149 14
1481 5095 1856 5164 impietatibus
1881 5095 1956 5150 M
1984 5100 2185 5164 (cort),
2210 5095 2323 5151 FB
2424 5095 2491 5150 16
2528 5095 2743 5150 honori·

466 5183 799 5239 flcantiorem
836 5184 892 5237 P
1030 5182 1281 5237 ostendet
1314 5185 1499 5250 (corr.)
1536 5182 1603 5236 N
1713 5184 1778 5238 18
1815 5183 2123 5254 substantie
2163 5185 2345 5249 (corr.)
2371 5182 2447 5236 M
2551 5183 2619 5237 21
2662 5182 2743 5236 di·

467 5272 733 5342 spiciendi
769 5271 989 5335 HQN
1016 5276 1176 5341 (corr.
1213 5274 1358 5339 rec),
1398 5272 1458 5325 X
1561 5271 1631 5325 23
1668 5273 1790 5342 lege
1827 5271 1883 5324 P
1974 5271 2045 5326 24
2082 5270 2382 5325 honorendi
2418 5269 2490 5333 F,
2526 5275 2575 5338 (r
2611 5269 2736 5324 dub.

465 5365 630 5425 eras.)
668 5359 723 5412 B
864 5359 940 5413 bii
978 5358 1142 5413 PCX
