3275 6434
215 687 1194 1015 -
1222 982 1301 995 runa-ovd

703 1409 1021 1481 erueremus-s.
1350 1415 1410 1478 121

274 1603 353 1670 dicit
384 1604 552 1686 spostolus
584 1603 666 1670 inter
691 1603 767 1669 ulie:
800 1603 1009 1687 prinsipes
1041 1621 1114 1668 nen
1148 1606 1243 1668 sunt
1274 1602 1412 1668 timori

274 1708 521 1792 opstiterit,
554 1708 623 1774 sed
650 1709 761 1773 mele.
789 1707 854 1773 uis
881 1711 1011 1772 eutem
1039 1725 1112 1772 uon
1141 1708 1283 1774 timere
1307 1714 1412 1792 pote·

274 1816 448 1879 statum?
472 1813 615 1880 benum
639 1814 712 1894 fre,
736 1817 776 1879 et
797 1811 965 1878 habebis
988 1812 1147 1878 leudem
1171 1833 1214 1879 ex
1232 1813 1315 1882 iila.
1335 1815 1411 1879 haee

272 1924 403 1985 seruate
419 1920 520 1986 boues
537 1918 666 1997 ieeiunt,
686 1936 745 1984 uon
764 1923 867 1984 tumen
882 1918 1048 2001 periectos.
1063 1916 1144 1983 unde
1160 1919 1314 1984 saluatur:
1334 1920 1411 1984 nisi

241 2023 558 2102 sabunduuerit,
580 2024 693 2107 inquit,
716 2022 885 2089 iustitie
907 2026 1043 2088 uestra
1065 2022 1157 2104 plus
1181 2042 1295 2107 quem
1318 2026 1412 2089 seri·

273 2128 413 2194 berum
446 2133 486 2194 et
514 2128 804 2209 turiseoerum,
833 2145 907 2192 nen
934 2127 1150 2192 intrabitis
1181 2127 1217 2193 in
1252 2149 1411 2214 reguum

273 2233 489 2299 caelorum.
503 2233 620 2299 addens
635 2233 717 2300 enim
732 2232 803 2298 istis
817 2231 941 2318 petiere
954 2233 1095 2298 sumator
1113 2252 1173 2299 ιιοιι
1192 2233 1291 2299 soluit
1304 2235 1412 2317 utique

270 2339 389 2424 legem,
412 2338 469 2405 sed
487 2337 685 2423 edimpteuit
709 2357 821 2404 sensus
845 2338 927 2403 enim
950 2339 1032 2425 legis
1055 2338 1094 2404 ed
1118 2339 1252 2405 salutem
1276 2339 1412 2404 heminis

271 2445 420 2529 pertinet,
434 2449 473 2510 ut
489 2449 580 2527 puts:
601 2443 760 2511 reulum
778 2465 847 2528 pre
868 2447 996 2522 ocule,
1018 2444 1175 2512 dentem
1197 2464 1263 2530 pro
1284 2444 1411 2514 dente,

225 2580 255 2620 m
271 2555 311 2615 ut
323 2549 451 2628 timens,
465 2569 504 2615 ns
522 2553 682 2633 peteretur
695 2551 778 2633 quod
792 2551 846 2616 ulii
864 2551 965 2616 iacere
983 2551 1160 2634 prohibitus
1178 2555 1238 2628 est,
1253 2549 1411 2615 cohiberet

271 2675 307 2720 se
341 2674 360 2720 ιι
391 2655 540 2738 nequitia.
572 2656 711 2722 sulueter
742 2660 847 2720 eutem
881 2656 1074 2739 superiorem
1106 2655 1138 2720 in
1169 2657 1252 2721 hune
1284 2674 1410 2721 sensum

271 2761 393 2826 addens
424 2761 596 2828 iustitiam:
635 2779 707 2845 ege
740 2764 884 2838 eutem,
917 2761 1030 2845 inquit,
1064 2760 1155 2827 dieo
1184 2760 1302 2826 uobis
1338 2779 1409 2825 non

271 2865 1411 2950 resisteremulmsedsiquistepereusseritindextram

272 2971 481 3036 mexilium
510 2976 628 3049 tuem,
656 2970 803 3055 praebe
836 2972 900 3036 illi
936 2977 975 3037 et
1006 2972 1227 3049 sinistrum,
1260 2974 1306 3050 ut,
1336 2971 1411 3036 dum
1487 3026 1489 3031 .

227 3106 255 3148 rs
272 3077 380 3142 uicem
413 3093 472 3140 nen
505 3074 608 3140 reddit
639 3075 733 3153 mulo,
765 3075 924 3159 perfectus
956 3077 1008 3141 sit
1039 3075 1168 3143 reddere
1196 3077 1278 3143 enim
1307 3077 1411 3141 uicem

271 3182 396 3247 iustum
428 3180 570 3271 estred
599 3200 658 3247 nen
687 3183 830 3264 pleneme
859 3182 887 3247 si
915 3200 989 3247 uero
1020 3182 1199 3249 dissimulet
1222 3185 1261 3250 ub
1289 3185 1410 3259 iniuria,

271 3286 366 3370 plens
395 3285 520 3353 iustitie
551 3292 601 3353 est
632 3291 666 3351 et
696 3286 865 3352 abundans.
894 3287 1065 3352 retribuere
1095 3289 1176 3354 enim
1207 3290 1343 3374 gaudere
1373 3289 1411 3354 ud

270 3397 401 3476 tempus
433 3395 496 3468 es't3
531 3393 690 3457 remittere
719 3395 823 3458 eutem
854 3392 884 3456 in
914 3393 1054 3458 futurum
1083 3400 1223 3476 praestet
1248 3396 1412 3461 laetitiam.

317 3501 347 3562 5.
362 3497 416 3563 Sie
429 3516 504 3582 erge
518 3497 704 3581 adimpleuit
715 3499 818 3582 legem
834 3498 983 3574 minutor,
994 3499 1081 3577 dum,
1092 3518 1171 3582 ques
1186 3500 1241 3565 ilia
1253 3501 1408 3566 iustitiam

225 3638 253 3677 ur
272 3603 395 3681 decuit,
418 3603 470 3669 hie
491 3603 640 3670 iustiores
669 3603 782 3678 edeeit,
810 3604 894 3687 qued
921 3604 976 3669 illu
1003 3624 1062 3670 non
1095 3606 1210 3689 potuit.
1243 3625 1336 3689 quem
1370 3606 1410 3670 eb

272 3727 340 3773 rem
363 3707 514 3793 gaudium
544 3708 626 3792 legis
654 3713 714 3786 est,
741 3709 816 3793 quie
843 3709 993 3792 discipuli
1020 3711 1088 3775 eius
1111 3711 1278 3792 ,peritiores
1306 3712 1410 3776 effecti

272 3816 358 3879 sunt
390 3813 597 3880 desimxisset
627 3815 718 3900 plane
742 3815 855 3898 legem,
883 3815 911 3880 si
934 3815 1062 3898 impune
1089 3812 1209 3899 peteeri
1238 3817 1409 3883 decuisset.

272 3937 365 4002 perro
402 3921 506 3984 eurem
544 3918 709 4002 suspendit
742 3919 942 3996 sententiam,
981 3923 1019 3986 ut
1050 3919 1101 3986 irie
1139 3922 1192 4004 qui
1226 3922 1307 3987 mule
1334 3921 1410 3986 iecit

272 4023 391 4088 hubert
412 4022 549 4107 spetiem
572 4022 765 4106 peeuitsndi3
790 4023 818 4089 si
842 4042 904 4107 que
928 4024 1047 4103 mimus,
1070 4025 1152 4090 redii
1174 4027 1204 4090 in
1228 4026 1317 4091 illum
1343 4045 1410 4092 sen·

223 4154 254 4199 ss
271 4128 377 4193 tentia
397 4128 567 4205 tumulate,
591 4129 666 4210 quie
695 4147 753 4194 nen
771 4131 939 4214 .eognouit
965 4131 1003 4196 ed
1032 4131 1092 4196 hec
1115 4150 1149 4196 se
1171 4133 1351 4198 remissum.
1374 4140 1410 4195 ut

272 4232 456 4299 emendaret
477 4252 521 4299 se.

366 4475 378 4528 1
399 4473 474 4532 Rom.
495 4475 571 4541 18‚8
624 4474 756 4531 stterth.
777 4478 802 4544 5,
822 4477 857 4531 20
917 4477 1016 4532 9Leu.
1036 4479 1078 4540 24,
1098 4477 1141 4532 20.
1161 4478 1195 4530 ei.
1214 4477 1312 4531 tterth.
1332 4480 1356 4534 5.
1375 4479 1408 4530 3⁸

274 4562 310 4616 12
329 4561 427 4616 diutile
445 4565 470 4630 5,
489 4562 524 4617 39

215 4744 221 4785 ε
313 4735 326 4788 1
355 4734 445 4789 timeri
466 4734 522 4790 FB
546 4736 661 4791 timendi
688 4736 741 4792 θλ
832 4737 849 4790 2
877 4741 1014 4806 potestate
1036 4736 1073 4791 d!
1158 4741 1175 4793 6
1202 4739 1356 4792 seriseemm
1375 4738 1409 4791 Μ

272 4821 464 4877 7ιιιι1ιιιιΜ
513 4824 656 4879 tremum
677 4824 711 4889 G,
728 4826 822 4894 (serr.)
839 4828 867 4879 A
923 4823 956 4878 10
973 4824 1083 4879 itimens
1101 4829 1192 4894 (corr.)
1210 4825 1243 4880 N
1311 4844 1328 4878 u
1349 4843 1408 4895 pre·-

271 4910 624 4967 mutuatissime·
644 4913 669 4965 0
761 4913 793 4967 13
812 4912 948 4967 dexterum
969 4912 1050 4968 GNX
1149 4914 1181 4968 19
1200 4916 1273 4984 erge}
1292 4915 1361 4969 enim
1382 4914 1413 4966 Ν

270 4998 335 5066 iiis]
355 5012 405 5052 on.
423 4995 460 5051 11
476 4998 549 5053 illem
569 4999 600 5053 N
660 5000 694 5054 24
713 4998 803 5054 reddit
823 5000 891 5054 (LA
909 5004 967 5068 (pr.
986 4998 1004 5055 d
1022 5015 1082 5069 exp.
1101 5009 1126 5056 et
1144 5006 1233 5067 erere),
1251 5001 1279 5054 B
1349 5018 1409 5054 reu·

269 5083 388 5138 teretium
408 5083 499 5152 (eurr.)
519 5085 544 5139 0
594 5087 629 5141 25
647 5086 783 5140 remulsis
804 5085 881 5141 CFB
