<?xml version="1.0" encoding="UTF-8"?>
<!DOCTYPE html PUBLIC "-//W3C//DTD XHTML 1.0 Transitional//EN"
    "http://www.w3.org/TR/xhtml1/DTD/xhtml1-transitional.dtd">
<html xmlns="http://www.w3.org/1999/xhtml" xml:lang="en" lang="en">
 <head>
  <title>
</title>
<meta http-equiv="Content-Type" content="text/html;charset=utf-8" />
  <meta name='ocr-system' content='tesseract 3.04.00' />
  <meta name='ocr-capabilities' content='ocr_page ocr_carea ocr_par ocr_line ocrx_word'/>
</head>
<body>
  <div class='ocr_page' id='page_1' title='image "./pseudoaugustini00soutgoog/pseudoaugustini00soutgoog_0237.png"; bbox 0 0 3275 6434; ppageno 0'>
   <div class='ocr_carea' id='block_1_1' title="bbox 725 1391 1406 1466">
    <p class='ocr_par' dir='ltr' id='par_1_1' title="bbox 725 1391 1406 1466">
     <span class='ocr_line' id='line_1_1' title="bbox 725 1391 1406 1466; baseline -0.001 -16"><span class='ocrx_word' id='word_1_1' title='bbox 725 1391 952 1464; x_wconf 69' lang='lat' dir='ltr'><strong>cop.011-t</strong></span> <span class='ocrx_word' id='word_1_2' title='bbox 1344 1401 1406 1466; x_wconf 78' lang='lat'><strong>195</strong></span> 
     </span>
    </p>
   </div>
   <div class='ocr_carea' id='block_1_2' title="bbox 215 1584 1408 3357">
    <p class='ocr_par' dir='ltr' id='par_1_2' title="bbox 260 1584 1408 1988">
     <span class='ocr_line' id='line_1_2' title="bbox 313 1584 1407 1668; baseline 0.004 -18"><span class='ocrx_word' id='word_1_3' title='bbox 313 1588 342 1650; x_wconf 84' lang='lat'><strong>3.</strong></span> <span class='ocrx_word' id='word_1_4' title='bbox 373 1584 571 1668; x_wconf 73' lang='lat' dir='ltr'><strong>Quamquam</strong></span> <span class='ocrx_word' id='word_1_5' title='bbox 603 1584 760 1651; x_wconf 78' lang='lat' dir='ltr'><strong>Romanus</strong></span> <span class='ocrx_word' id='word_1_6' title='bbox 792 1586 944 1651; x_wconf 85' lang='lat' dir='ltr'><strong>eoelesiue</strong></span> <span class='ocrx_word' id='word_1_7' title='bbox 976 1584 1098 1652; x_wconf 84' lang='lat' dir='ltr'><strong>diuooui</strong></span> <span class='ocrx_word' id='word_1_8' title='bbox 1131 1586 1253 1654; x_wconf 78' lang='lat' dir='ltr'><strong>modice</strong></span> <span class='ocrx_word' id='word_1_9' title='bbox 1287 1590 1407 1654; x_wconf 87' lang='lat' dir='ltr'><strong>iuuere·</strong></span> 
     </span>
     <span class='ocr_line' id='line_1_3' title="bbox 268 1689 1405 1775; baseline 0.003 -18"><span class='ocrx_word' id='word_1_10' title='bbox 268 1689 434 1758; x_wconf 84' lang='lat' dir='ltr'><strong>eundiores</strong></span> <span class='ocrx_word' id='word_1_11' title='bbox 458 1689 635 1768; x_wconf 76' lang='lat' dir='ltr'><strong>uideantur,</strong></span> <span class='ocrx_word' id='word_1_12' title='bbox 658 1689 787 1756; x_wconf 90' lang='lat' dir='ltr'><strong>sedendi</strong></span> <span class='ocrx_word' id='word_1_13' title='bbox 810 1693 914 1757; x_wconf 79' lang='lat' dir='ltr'><strong>tumen</strong></span> <span class='ocrx_word' id='word_1_14' title='bbox 939 1690 1126 1775; x_wconf 76' lang='lat' dir='ltr'><strong>dignitatem</strong></span> <span class='ocrx_word' id='word_1_15' title='bbox 1145 1693 1175 1757; x_wconf 94' lang='lat' dir='ltr'><strong>in</strong></span> <span class='ocrx_word' id='word_1_16' title='bbox 1195 1694 1329 1760; x_wconf 80' lang='lat' dir='ltr'><strong>ecelesia</strong></span> <span class='ocrx_word' id='word_1_17' title='bbox 1346 1712 1405 1761; x_wconf 95' lang='lat' dir='ltr'><strong>non</strong></span> 
     </span>
     <span class='ocr_line' id='line_1_4' title="bbox 263 1797 1408 1884; baseline 0.002 -21"><span class='ocrx_word' id='word_1_18' title='bbox 263 1799 480 1877; x_wconf 76' lang='lat' dir='ltr'><strong>pnesumunt</strong></span> <span class='ocrx_word' id='word_1_19' title='bbox 503 1800 541 1862; x_wconf 87' lang='lat' dir='ltr'><strong>ut</strong></span> <span class='ocrx_word' id='word_1_20' title='bbox 562 1800 668 1863; x_wconf 83' lang='lat' dir='ltr'><strong>autem</strong></span> <span class='ocrx_word' id='word_1_21' title='bbox 692 1813 752 1861; x_wconf 90' lang='lat' dir='ltr'><strong>non</strong></span> <span class='ocrx_word' id='word_1_22' title='bbox 776 1797 880 1862; x_wconf 84' lang='lat' dir='ltr'><strong>omniu</strong></span> <span class='ocrx_word' id='word_1_23' title='bbox 904 1797 1078 1863; x_wconf 85' lang='lat' dir='ltr'><strong>ministeriu</strong></span> <span class='ocrx_word' id='word_1_24' title='bbox 1100 1798 1324 1880; x_wconf 78' lang='lat' dir='ltr'><strong>obsequiorum</strong></span> <span class='ocrx_word' id='word_1_25' title='bbox 1353 1819 1408 1884; x_wconf 82' lang='lat' dir='ltr'><strong>per</strong></span> 
     </span>
     <span class='ocr_line' id='line_1_5' title="bbox 260 1900 1406 1988; baseline 0.004 -21"><span class='ocrx_word' id='word_1_26' title='bbox 260 1900 408 1968; x_wconf 90' lang='lat' dir='ltr'><strong>ordinem</strong></span> <span class='ocrx_word' id='word_1_27' title='bbox 446 1905 550 1987; x_wconf 69' lang='lat' dir='ltr'><strong>egunt,</strong></span> <span class='ocrx_word' id='word_1_28' title='bbox 582 1900 754 1966; x_wconf 85' lang='lat' dir='ltr'><strong>multitudo</strong></span> <span class='ocrx_word' id='word_1_29' title='bbox 789 1900 866 1966; x_wconf 83' lang='lat' dir='ltr'><strong>iuuit</strong></span> <span class='ocrx_word' id='word_1_30' title='bbox 896 1900 1092 1967; x_wconf 84' lang='lat' dir='ltr'><strong>elericorum.</strong></span> <span class='ocrx_word' id='word_1_31' title='bbox 1124 1922 1196 1968; x_wconf 85' lang='lat' dir='ltr'><strong>rrum</strong></span> <span class='ocrx_word' id='word_1_32' title='bbox 1223 1903 1335 1988; x_wconf 84' lang='lat' dir='ltr'><strong>utique</strong></span> <span class='ocrx_word' id='word_1_33' title='bbox 1373 1911 1406 1972; x_wconf 84' lang='lat' dir='ltr'><strong>et</strong></span> 
     </span>
    </p>

    <p class='ocr_par' dir='ltr' id='par_1_3' title="bbox 215 2007 1406 2406">
     <span class='ocr_line' id='line_1_6' title="bbox 215 2007 1406 2089; baseline 0.002 -17"><span class='ocrx_word' id='word_1_34' title='bbox 215 2020 236 2064; x_wconf 81' lang='lat'>⁸</span> <span class='ocrx_word' id='word_1_35' title='bbox 259 2007 364 2072; x_wconf 77' lang='lat' dir='ltr'><strong>altune</strong></span> <span class='ocrx_word' id='word_1_36' title='bbox 387 2009 601 2089; x_wconf 74' lang='lat' dir='ltr'><strong>perurentes</strong></span> <span class='ocrx_word' id='word_1_37' title='bbox 628 2024 705 2071; x_wconf 85' lang='lat' dir='ltr'><strong>uuso</strong></span> <span class='ocrx_word' id='word_1_38' title='bbox 732 2007 812 2082; x_wconf 84' lang='lat' dir='ltr'><strong>eius,</strong></span> <span class='ocrx_word' id='word_1_39' title='bbox 840 2009 872 2070; x_wconf 91' lang='lat' dir='ltr'><strong>ot</strong></span> <span class='ocrx_word' id='word_1_40' title='bbox 899 2025 1013 2088; x_wconf 79' lang='lat' dir='ltr'><strong>equum</strong></span> <span class='ocrx_word' id='word_1_41' title='bbox 1041 2008 1071 2071; x_wconf 90' lang='lat' dir='ltr'><strong>in</strong></span> <span class='ocrx_word' id='word_1_42' title='bbox 1099 2026 1211 2074; x_wconf 86' lang='lat' dir='ltr'><strong>munus</strong></span> <span class='ocrx_word' id='word_1_43' title='bbox 1240 2008 1406 2076; x_wconf 81' lang='lat' dir='ltr'><strong>funderent</strong></span> 
     </span>
     <span class='ocr_line' id='line_1_7' title="bbox 259 2111 1405 2194; baseline 0.002 -15"><span class='ocrx_word' id='word_1_44' title='bbox 259 2111 434 2189; x_wconf 75' lang='lat' dir='ltr'><strong>sacerdoti,</strong></span> <span class='ocrx_word' id='word_1_45' title='bbox 457 2113 542 2177; x_wconf 89' lang='lat' dir='ltr'><strong>siout</strong></span> <span class='ocrx_word' id='word_1_46' title='bbox 565 2111 710 2177; x_wconf 85' lang='lat' dir='ltr'><strong>uidemus</strong></span> <span class='ocrx_word' id='word_1_47' title='bbox 733 2131 789 2194; x_wconf 88' lang='lat' dir='ltr'><strong>per</strong></span> <span class='ocrx_word' id='word_1_48' title='bbox 811 2130 921 2176; x_wconf 87' lang='lat' dir='ltr'><strong>omnes</strong></span> <span class='ocrx_word' id='word_1_49' title='bbox 944 2112 1094 2178; x_wconf 77' lang='lat' dir='ltr'><strong>eeclesias</strong></span> <span class='ocrx_word' id='word_1_50' title='bbox 1123 2118 1155 2177; x_wconf 90' lang='lat' dir='ltr'><strong>et</strong></span> <span class='ocrx_word' id='word_1_51' title='bbox 1184 2115 1268 2179; x_wconf 82' lang='lat' dir='ltr'><strong>siout</strong></span> <span class='ocrx_word' id='word_1_52' title='bbox 1290 2118 1405 2181; x_wconf 85' lang='lat' dir='ltr'><strong>eonsti-</strong></span> 
     </span>
     <span class='ocr_line' id='line_1_8' title="bbox 259 2216 1405 2302; baseline 0.003 -21"><span class='ocrx_word' id='word_1_53' title='bbox 259 2223 371 2284; x_wconf 84' lang='lat' dir='ltr'><strong>tutum</strong></span> <span class='ocrx_word' id='word_1_54' title='bbox 390 2222 442 2284; x_wconf 82' lang='lat' dir='ltr'><strong>est</strong></span> <span class='ocrx_word' id='word_1_55' title='bbox 463 2237 481 2282; x_wconf 84' lang='lat' dir='ltr'><strong>u</strong></span> <span class='ocrx_word' id='word_1_56' title='bbox 503 2216 630 2282; x_wconf 87' lang='lat' dir='ltr'><strong>domino</strong></span> <span class='ocrx_word' id='word_1_57' title='bbox 654 2236 709 2300; x_wconf 84' lang='lat' dir='ltr'><strong>per</strong></span> <span class='ocrx_word' id='word_1_58' title='bbox 731 2217 871 2300; x_wconf 76' lang='lat' dir='ltr'><strong>Moysen.</strong></span> <span class='ocrx_word' id='word_1_59' title='bbox 894 2226 950 2283; x_wconf 87' lang='lat' dir='ltr'><strong>uut</strong></span> <span class='ocrx_word' id='word_1_60' title='bbox 974 2219 1125 2301; x_wconf 89' lang='lat' dir='ltr'><strong>numquid</strong></span> <span class='ocrx_word' id='word_1_61' title='bbox 1150 2218 1299 2302; x_wconf 83' lang='lat' dir='ltr'><strong>meliores</strong></span> <span class='ocrx_word' id='word_1_62' title='bbox 1320 2221 1405 2285; x_wconf 82' lang='lat' dir='ltr'><strong>Heli·</strong></span> 
     </span>
     <span class='ocr_line' id='line_1_9' title="bbox 263 2321 1165 2406; baseline 0.001 -19"><span class='ocrx_word' id='word_1_63' title='bbox 263 2341 319 2388; x_wconf 78' lang='lat' dir='ltr'><strong>seo</strong></span> <span class='ocrx_word' id='word_1_64' title='bbox 343 2326 430 2403; x_wconf 78' lang='lat' dir='ltr'><strong>sunt,</strong></span> <span class='ocrx_word' id='word_1_65' title='bbox 452 2323 507 2406; x_wconf 84' lang='lat' dir='ltr'><strong>qui</strong></span> <span class='ocrx_word' id='word_1_66' title='bbox 530 2341 643 2406; x_wconf 82' lang='lat' dir='ltr'><strong>equum</strong></span> <span class='ocrx_word' id='word_1_67' title='bbox 667 2321 819 2388; x_wconf 80' lang='lat' dir='ltr'><strong>fundebat</strong></span> <span class='ocrx_word' id='word_1_68' title='bbox 843 2323 873 2387; x_wconf 93' lang='lat' dir='ltr'><strong>in</strong></span> <span class='ocrx_word' id='word_1_69' title='bbox 897 2341 1009 2387; x_wconf 88' lang='lat' dir='ltr'><strong>munus</strong></span> <span class='ocrx_word' id='word_1_70' title='bbox 1033 2323 1165 2388; x_wconf 76' lang='lat' dir='ltr'><strong>Helius?</strong></span> 
     </span>
    </p>

    <p class='ocr_par' dir='ltr' id='par_1_4' title="bbox 307 2427 1404 2513">
     <span class='ocr_line' id='line_1_10' title="bbox 307 2427 1404 2513; baseline 0.002 -19"><span class='ocrx_word' id='word_1_71' title='bbox 307 2433 339 2494; x_wconf 74' lang='lat'><strong>4.</strong></span> <span class='ocrx_word' id='word_1_72' title='bbox 366 2427 418 2494; x_wconf 90' lang='lat' dir='ltr'><strong>Sio</strong></span> <span class='ocrx_word' id='word_1_73' title='bbox 441 2431 547 2495; x_wconf 81' lang='lat' dir='ltr'><strong>nuteru</strong></span> <span class='ocrx_word' id='word_1_74' title='bbox 571 2428 718 2495; x_wconf 85' lang='lat' dir='ltr'><strong>diaeonus</strong></span> <span class='ocrx_word' id='word_1_75' title='bbox 741 2428 895 2494; x_wconf 81' lang='lat' dir='ltr'><strong>aduersus</strong></span> <span class='ocrx_word' id='word_1_76' title='bbox 918 2429 1110 2512; x_wconf 80' lang='lat' dir='ltr'><strong>presbiteros</strong></span> <span class='ocrx_word' id='word_1_77' title='bbox 1133 2429 1284 2506; x_wconf 80' lang='lat' dir='ltr'><strong>defendit,</strong></span> <span class='ocrx_word' id='word_1_78' title='bbox 1313 2433 1404 2513; x_wconf 79' lang='lat' dir='ltr'><strong>quusi</strong></span> 
     </span>
    </p>

    <p class='ocr_par' dir='ltr' id='par_1_5' title="bbox 215 2534 1407 3037">
     <span class='ocr_line' id='line_1_11' title="bbox 215 2534 1405 2620; baseline 0.001 -20"><span class='ocrx_word' id='word_1_79' title='bbox 215 2556 242 2600; x_wconf 70' lang='lat' dir='ltr'><strong>n</strong></span> <span class='ocrx_word' id='word_1_80' title='bbox 264 2534 508 2620; x_wconf 74' lang='lat' dir='ltr'><strong>expresbyteris</strong></span> <span class='ocrx_word' id='word_1_81' title='bbox 527 2534 648 2600; x_wconf 84' lang='lat' dir='ltr'><strong>diaeoni</strong></span> <span class='ocrx_word' id='word_1_82' title='bbox 663 2537 696 2600; x_wconf 92' lang='lat' dir='ltr'><strong>et</strong></span> <span class='ocrx_word' id='word_1_83' title='bbox 709 2552 770 2600; x_wconf 89' lang='lat' dir='ltr'><strong>nou</strong></span> <span class='ocrx_word' id='word_1_84' title='bbox 785 2553 821 2600; x_wconf 84' lang='lat' dir='ltr'><strong>ex</strong></span> <span class='ocrx_word' id='word_1_85' title='bbox 836 2534 1020 2601; x_wconf 79' lang='lat' dir='ltr'><strong>diaconibus</strong></span> <span class='ocrx_word' id='word_1_86' title='bbox 1034 2535 1199 2618; x_wconf 80' lang='lat' dir='ltr'><strong>presbiteri</strong></span> <span class='ocrx_word' id='word_1_87' title='bbox 1215 2536 1405 2603; x_wconf 84' lang='lat' dir='ltr'><strong>ordinentur.</strong></span> 
     </span>
     <span class='ocr_line' id='line_1_12' title="bbox 265 2638 1404 2722; baseline 0.003 -18"><span class='ocrx_word' id='word_1_88' title='bbox 265 2639 320 2705; x_wconf 87' lang='lat' dir='ltr'><strong>sed</strong></span> <span class='ocrx_word' id='word_1_89' title='bbox 343 2640 420 2722; x_wconf 77' lang='lat' dir='ltr'><strong>quis</strong></span> <span class='ocrx_word' id='word_1_90' title='bbox 442 2640 600 2706; x_wconf 78' lang='lat' dir='ltr'><strong>Romanae</strong></span> <span class='ocrx_word' id='word_1_91' title='bbox 623 2640 775 2705; x_wconf 77' lang='lat' dir='ltr'><strong>eeclesiae</strong></span> <span class='ocrx_word' id='word_1_92' title='bbox 799 2640 935 2706; x_wconf 86' lang='lat' dir='ltr'><strong>ministri</strong></span> <span class='ocrx_word' id='word_1_93' title='bbox 959 2645 1042 2720; x_wconf 86' lang='lat' dir='ltr'><strong>sunt,</strong></span> <span class='ocrx_word' id='word_1_94' title='bbox 1069 2638 1186 2706; x_wconf 88' lang='lat' dir='ltr'><strong>ideireo</strong></span> <span class='ocrx_word' id='word_1_95' title='bbox 1215 2641 1404 2707; x_wconf 80' lang='lat' dir='ltr'><strong>honorabili·</strong></span> 
     </span>
     <span class='ocr_line' id='line_1_13' title="bbox 266 2745 1407 2832; baseline 0.004 -24"><span class='ocrx_word' id='word_1_96' title='bbox 266 2763 334 2812; x_wconf 81' lang='lat' dir='ltr'><strong>ores</strong></span> <span class='ocrx_word' id='word_1_97' title='bbox 363 2748 514 2828; x_wconf 77' lang='lat' dir='ltr'><strong>putentur</strong></span> <span class='ocrx_word' id='word_1_98' title='bbox 543 2764 638 2827; x_wconf 80' lang='lat' dir='ltr'><strong>quum</strong></span> <span class='ocrx_word' id='word_1_99' title='bbox 666 2745 750 2828; x_wconf 79' lang='lat' dir='ltr'><strong>uprrd</strong></span> <span class='ocrx_word' id='word_1_100' title='bbox 779 2748 900 2811; x_wconf 77' lang='lat' dir='ltr'><strong>ceteras</strong></span> <span class='ocrx_word' id='word_1_101' title='bbox 929 2745 1079 2811; x_wconf 81' lang='lat' dir='ltr'><strong>ecelesias</strong></span> <span class='ocrx_word' id='word_1_102' title='bbox 1106 2752 1236 2828; x_wconf 85' lang='lat' dir='ltr'><strong>propter</strong></span> <span class='ocrx_word' id='word_1_103' title='bbox 1262 2748 1407 2832; x_wconf 81' lang='lat' dir='ltr'><strong>mugniti·</strong></span> 
     </span>
     <span class='ocr_line' id='line_1_14' title="bbox 266 2850 1404 2934; baseline 0.004 -18"><span class='ocrx_word' id='word_1_104' title='bbox 266 2851 400 2916; x_wconf 73' lang='lat' dir='ltr'><strong>cendum</strong></span> <span class='ocrx_word' id='word_1_105' title='bbox 424 2850 511 2916; x_wconf 83' lang='lat' dir='ltr'><strong>urbis</strong></span> <span class='ocrx_word' id='word_1_106' title='bbox 536 2851 661 2924; x_wconf 82' lang='lat' dir='ltr'><strong>liumus,</strong></span> <span class='ocrx_word' id='word_1_107' title='bbox 685 2870 766 2933; x_wconf 79' lang='lat' dir='ltr'><strong>quoe</strong></span> <span class='ocrx_word' id='word_1_108' title='bbox 789 2855 884 2934; x_wconf 78' lang='lat' dir='ltr'><strong>ooprrt</strong></span> <span class='ocrx_word' id='word_1_109' title='bbox 908 2870 978 2917; x_wconf 89' lang='lat' dir='ltr'><strong>esse</strong></span> <span class='ocrx_word' id='word_1_110' title='bbox 1007 2851 1132 2917; x_wconf 85' lang='lat' dir='ltr'><strong>uidetur</strong></span> <span class='ocrx_word' id='word_1_111' title='bbox 1159 2853 1299 2918; x_wconf 86' lang='lat' dir='ltr'><strong>omnium</strong></span> <span class='ocrx_word' id='word_1_112' title='bbox 1328 2854 1404 2920; x_wconf 88' lang='lat' dir='ltr'><strong>oiui·</strong></span> 
     </span>
     <span class='ocr_line' id='line_1_15' title="bbox 266 2955 1403 3037; baseline 0.003 -16"><span class='ocrx_word' id='word_1_113' title='bbox 266 2959 378 3021; x_wconf 81' lang='lat' dir='ltr'><strong>tutum.</strong></span> <span class='ocrx_word' id='word_1_114' title='bbox 402 2955 431 3020; x_wconf 88' lang='lat' dir='ltr'><strong>si</strong></span> <span class='ocrx_word' id='word_1_115' title='bbox 454 2955 498 3021; x_wconf 85' lang='lat' dir='ltr'><strong>ito</strong></span> <span class='ocrx_word' id='word_1_116' title='bbox 520 2962 581 3032; x_wconf 78' lang='lat' dir='ltr'><strong>est,</strong></span> <span class='ocrx_word' id='word_1_117' title='bbox 604 2956 663 3020; x_wconf 82' lang='lat' dir='ltr'><strong>hou</strong></span> <span class='ocrx_word' id='word_1_118' title='bbox 691 2955 806 3021; x_wconf 87' lang='lat' dir='ltr'><strong>debent</strong></span> <span class='ocrx_word' id='word_1_119' title='bbox 833 2958 865 3022; x_wconf 86' lang='lat' dir='ltr'><strong>et</strong></span> <span class='ocrx_word' id='word_1_120' title='bbox 892 2957 1110 3022; x_wconf 80' lang='lat' dir='ltr'><strong>sacerdotibus</strong></span> <span class='ocrx_word' id='word_1_121' title='bbox 1138 2959 1205 3023; x_wconf 84' lang='lat' dir='ltr'><strong>suis</strong></span> <span class='ocrx_word' id='word_1_122' title='bbox 1235 2959 1403 3037; x_wconf 77' lang='lat' dir='ltr'><strong>uindicare,</strong></span> 
     </span>
    </p>

    <p class='ocr_par' dir='ltr' id='par_1_6' title="bbox 217 3061 1405 3357">
     <span class='ocr_line' id='line_1_16' title="bbox 217 3061 1403 3147; baseline 0 -18"><span class='ocrx_word' id='word_1_123' title='bbox 217 3084 255 3129; x_wconf 84' lang='lat' dir='ltr'><strong>nu</strong></span> <span class='ocrx_word' id='word_1_124' title='bbox 269 3061 348 3142; x_wconf 79' lang='lat' dir='ltr'><strong>quis,</strong></span> <span class='ocrx_word' id='word_1_125' title='bbox 372 3061 401 3126; x_wconf 88' lang='lat' dir='ltr'><strong>si</strong></span> <span class='ocrx_word' id='word_1_126' title='bbox 424 3062 458 3126; x_wconf 90' lang='lat' dir='ltr'><strong>bi</strong></span> <span class='ocrx_word' id='word_1_127' title='bbox 481 3061 536 3144; x_wconf 84' lang='lat' dir='ltr'><strong>qui</strong></span> <span class='ocrx_word' id='word_1_128' title='bbox 554 3061 716 3127; x_wconf 85' lang='lat' dir='ltr'><strong>inferiores</strong></span> <span class='ocrx_word' id='word_1_129' title='bbox 736 3066 811 3127; x_wconf 87' lang='lat' dir='ltr'><strong>sunt</strong></span> <span class='ocrx_word' id='word_1_130' title='bbox 830 3068 976 3128; x_wconf 84' lang='lat' dir='ltr'><strong>crescunt</strong></span> <span class='ocrx_word' id='word_1_131' title='bbox 994 3068 1121 3145; x_wconf 81' lang='lat' dir='ltr'><strong>propter</strong></span> <span class='ocrx_word' id='word_1_132' title='bbox 1139 3063 1403 3147; x_wconf 71' lang='lat' dir='ltr'><strong>magnificentium</strong></span> 
     </span>
     <span class='ocr_line' id='line_1_17' title="bbox 270 3167 1402 3251; baseline 0.003 -21"><span class='ocrx_word' id='word_1_133' title='bbox 270 3167 417 3245; x_wconf 80' lang='lat' dir='ltr'><strong>oiuitstis,</strong></span> <span class='ocrx_word' id='word_1_134' title='bbox 454 3178 571 3249; x_wconf 84' lang='lat' dir='ltr'><strong>quanto</strong></span> <span class='ocrx_word' id='word_1_135' title='bbox 604 3170 706 3251; x_wconf 78' lang='lat' dir='ltr'><strong>magis</strong></span> <span class='ocrx_word' id='word_1_136' title='bbox 734 3170 788 3250; x_wconf 89' lang='lat' dir='ltr'><strong>qui</strong></span> <span class='ocrx_word' id='word_1_137' title='bbox 817 3168 955 3249; x_wconf 85' lang='lat' dir='ltr'><strong>potiores</strong></span> <span class='ocrx_word' id='word_1_138' title='bbox 986 3172 1062 3233; x_wconf 87' lang='lat' dir='ltr'><strong>suut</strong></span> <span class='ocrx_word' id='word_1_139' title='bbox 1093 3168 1286 3234; x_wconf 80' lang='lat' dir='ltr'><strong>sublimandi</strong></span> <span class='ocrx_word' id='word_1_140' title='bbox 1313 3173 1402 3235; x_wconf 83' lang='lat' dir='ltr'><strong>sunt!</strong></span> 
     </span>
     <span class='ocr_line' id='line_1_18' title="bbox 269 3271 1405 3357; baseline 0.006 -25"><span class='ocrx_word' id='word_1_141' title='bbox 269 3271 415 3354; x_wconf 81' lang='lat' dir='ltr'><strong>quioquid</strong></span> <span class='ocrx_word' id='word_1_142' title='bbox 433 3273 516 3337; x_wconf 85' lang='lat' dir='ltr'><strong>eninr</strong></span> <span class='ocrx_word' id='word_1_143' title='bbox 536 3273 725 3338; x_wconf 78' lang='lat' dir='ltr'><strong>officialibus</strong></span> <span class='ocrx_word' id='word_1_144' title='bbox 750 3277 937 3356; x_wconf 72' lang='lat' dir='ltr'><strong>presentatur¹</strong></span> <span class='ocrx_word' id='word_1_145' title='bbox 958 3277 1164 3357; x_wconf 81' lang='lat' dir='ltr'><strong>augmentum</strong></span> <span class='ocrx_word' id='word_1_146' title='bbox 1187 3274 1224 3338; x_wconf 87' lang='lat' dir='ltr'><strong>tit</strong></span> <span class='ocrx_word' id='word_1_147' title='bbox 1241 3277 1405 3357; x_wconf 63' lang='lat' dir='ltr'><strong>potestuti</strong></span> 
     </span>
    </p>
   </div>
   <div class='ocr_carea' id='block_1_3' title="bbox 231 3377 1405 3991">
    <p class='ocr_par' dir='ltr' id='par_1_7' title="bbox 231 3377 1405 3991">
     <span class='ocr_line' id='line_1_19' title="bbox 269 3377 1403 3461; baseline 0.003 -20"><span class='ocrx_word' id='word_1_148' title='bbox 269 3379 346 3442; x_wconf 80' lang='lat' dir='ltr'><strong>siout</strong></span> <span class='ocrx_word' id='word_1_149' title='bbox 368 3379 469 3444; x_wconf 87' lang='lat' dir='ltr'><strong>bonor</strong></span> <span class='ocrx_word' id='word_1_150' title='bbox 492 3379 575 3443; x_wconf 75' lang='lat' dir='ltr'><strong>serui</strong></span> <span class='ocrx_word' id='word_1_151' title='bbox 599 3377 638 3442; x_wconf 87' lang='lat' dir='ltr'><strong>ad</strong></span> <span class='ocrx_word' id='word_1_152' title='bbox 661 3377 787 3442; x_wconf 80' lang='lat' dir='ltr'><strong>lurndonr</strong></span> <span class='ocrx_word' id='word_1_153' title='bbox 812 3377 935 3461; x_wconf 80' lang='lat' dir='ltr'><strong>profluit</strong></span> <span class='ocrx_word' id='word_1_154' title='bbox 957 3378 1086 3455; x_wconf 87' lang='lat' dir='ltr'><strong>domini,</strong></span> <span class='ocrx_word' id='word_1_155' title='bbox 1109 3396 1300 3461; x_wconf 79' lang='lat' dir='ltr'><strong>quamquam</strong></span> <span class='ocrx_word' id='word_1_156' title='bbox 1319 3379 1403 3460; x_wconf 80' lang='lat' dir='ltr'><strong>apud</strong></span> 
     </span>
     <span class='ocr_line' id='line_1_20' title="bbox 269 3483 1404 3567; baseline 0 -20"><span class='ocrx_word' id='word_1_157' title='bbox 269 3483 383 3549; x_wconf 85' lang='lat' dir='ltr'><strong>iustum</strong></span> <span class='ocrx_word' id='word_1_158' title='bbox 407 3483 545 3550; x_wconf 85' lang='lat' dir='ltr'><strong>iudicem</strong></span> <span class='ocrx_word' id='word_1_159' title='bbox 568 3484 660 3550; x_wconf 79' lang='lat' dir='ltr'><strong>deuon</strong></span> <span class='ocrx_word' id='word_1_160' title='bbox 687 3485 738 3549; x_wconf 88' lang='lat' dir='ltr'><strong>oni</strong></span> <span class='ocrx_word' id='word_1_161' title='bbox 763 3485 878 3567; x_wconf 83' lang='lat' dir='ltr'><strong>cuique</strong></span> <span class='ocrx_word' id='word_1_162' title='bbox 900 3485 951 3550; x_wconf 89' lang='lat' dir='ltr'><strong>bio</strong></span> <span class='ocrx_word' id='word_1_163' title='bbox 970 3485 1069 3549; x_wconf 88' lang='lat' dir='ltr'><strong>honor</strong></span> <span class='ocrx_word' id='word_1_164' title='bbox 1088 3489 1222 3562; x_wconf 73' lang='lat' dir='ltr'><strong>iuononi,</strong></span> <span class='ocrx_word' id='word_1_165' title='bbox 1242 3485 1295 3567; x_wconf 89' lang='lat' dir='ltr'><strong>qui</strong></span> <span class='ocrx_word' id='word_1_166' title='bbox 1320 3502 1404 3548; x_wconf 87' lang='lat' dir='ltr'><strong>creu-</strong></span> 
     </span>
     <span class='ocr_line' id='line_1_21' title="bbox 231 3589 1405 3675; baseline 0 -22"><span class='ocrx_word' id='word_1_167' title='bbox 231 3600 314 3653; x_wconf 80' lang='lat' dir='ltr'><strong>utus</strong></span> <span class='ocrx_word' id='word_1_168' title='bbox 346 3593 400 3655; x_wconf 83' lang='lat' dir='ltr'><strong>est</strong></span> <span class='ocrx_word' id='word_1_169' title='bbox 428 3590 562 3675; x_wconf 76' lang='lat' dir='ltr'><strong>siugulis</strong></span> <span class='ocrx_word' id='word_1_170' title='bbox 595 3590 800 3655; x_wconf 81' lang='lat' dir='ltr'><strong>eeclesiarum</strong></span> <span class='ocrx_word' id='word_1_171' title='bbox 841 3589 964 3667; x_wconf 81' lang='lat' dir='ltr'><strong>officiis,</strong></span> <span class='ocrx_word' id='word_1_172' title='bbox 1004 3596 1039 3655; x_wconf 89' lang='lat' dir='ltr'><strong>ut</strong></span> <span class='ocrx_word' id='word_1_173' title='bbox 1075 3590 1130 3673; x_wconf 89' lang='lat' dir='ltr'><strong>qui</strong></span> <span class='ocrx_word' id='word_1_174' title='bbox 1167 3589 1318 3656; x_wconf 74' lang='lat' dir='ltr'><strong>diaeonus</strong></span> <span class='ocrx_word' id='word_1_175' title='bbox 1355 3592 1405 3654; x_wconf 85' lang='lat' dir='ltr'><strong>ost</strong></span> 
     </span>
     <span class='ocr_line' id='line_1_22' title="bbox 264 3693 1403 3780; baseline 0.003 -23"><span class='ocrx_word' id='word_1_176' title='bbox 264 3693 397 3763; x_wconf 84' lang='lat' dir='ltr'><strong>diuuonii</strong></span> <span class='ocrx_word' id='word_1_177' title='bbox 428 3694 577 3762; x_wconf 83' lang='lat' dir='ltr'><strong>bonorem</strong></span> <span class='ocrx_word' id='word_1_178' title='bbox 609 3714 664 3780; x_wconf 85' lang='lat' dir='ltr'><strong>per</strong></span> <span class='ocrx_word' id='word_1_179' title='bbox 696 3712 804 3763; x_wconf 88' lang='lat' dir='ltr'><strong>omnes</strong></span> <span class='ocrx_word' id='word_1_180' title='bbox 838 3697 990 3762; x_wconf 81' lang='lat' dir='ltr'><strong>ecclesius</strong></span> <span class='ocrx_word' id='word_1_181' title='bbox 1024 3696 1139 3762; x_wconf 81' lang='lat' dir='ltr'><strong>hubent</strong></span> <span class='ocrx_word' id='word_1_182' title='bbox 1162 3733 1203 3744; x_wconf 96' lang='lat'>-</span> <span class='ocrx_word' id='word_1_183' title='bbox 1228 3714 1289 3761; x_wconf 87' lang='lat' dir='ltr'><strong>non</strong></span> <span class='ocrx_word' id='word_1_184' title='bbox 1320 3695 1403 3760; x_wconf 89' lang='lat' dir='ltr'><strong>enirn</strong></span> 
     </span>
     <span class='ocr_line' id='line_1_23' title="bbox 262 3800 1401 3885; baseline 0.002 -21"><span class='ocrx_word' id='word_1_185' title='bbox 262 3800 502 3885; x_wconf 82' lang='lat' dir='ltr'><strong>quslisoumque</strong></span> <span class='ocrx_word' id='word_1_186' title='bbox 520 3802 618 3867; x_wconf 86' lang='lat' dir='ltr'><strong>bonor</strong></span> <span class='ocrx_word' id='word_1_187' title='bbox 637 3807 685 3868; x_wconf 86' lang='lat' dir='ltr'><strong>est</strong></span> <span class='ocrx_word' id='word_1_188' title='bbox 703 3802 838 3868; x_wconf 80' lang='lat' dir='ltr'><strong>antistiti</strong></span> <span class='ocrx_word' id='word_1_189' title='bbox 859 3802 909 3867; x_wconf 91' lang='lat' dir='ltr'><strong>dei</strong></span> <span class='ocrx_word' id='word_1_190' title='bbox 928 3804 1057 3868; x_wconf 87' lang='lat' dir='ltr'><strong>seruire.</strong></span> <span class='ocrx_word' id='word_1_191' title='bbox 1073 3803 1104 3867; x_wconf 91' lang='lat' dir='ltr'><strong>in</strong></span> <span class='ocrx_word' id='word_1_192' title='bbox 1124 3803 1260 3868; x_wconf 88' lang='lat' dir='ltr'><strong>eoelesiu</strong></span> <span class='ocrx_word' id='word_1_193' title='bbox 1278 3800 1401 3867; x_wconf 75' lang='lat' dir='ltr'><strong>dumta-</strong></span> 
     </span>
     <span class='ocr_line' id='line_1_24' title="bbox 258 3906 1391 3991; baseline -0.001 -20"><span class='ocrx_word' id='word_1_194' title='bbox 258 3922 311 3972; x_wconf 85' lang='lat' dir='ltr'><strong>xat</strong></span> <span class='ocrx_word' id='word_1_195' title='bbox 325 3944 369 3954; x_wconf 91' lang='lat'><em>-</em></span> <span class='ocrx_word' id='word_1_196' title='bbox 383 3911 417 3973; x_wconf 90' lang='lat' dir='ltr'><strong>et</strong></span> <span class='ocrx_word' id='word_1_197' title='bbox 430 3907 577 3974; x_wconf 85' lang='lat' dir='ltr'><strong>suoerdos</strong></span> <span class='ocrx_word' id='word_1_198' title='bbox 595 3908 694 3974; x_wconf 89' lang='lat' dir='ltr'><strong>totius</strong></span> <span class='ocrx_word' id='word_1_199' title='bbox 714 3908 841 3974; x_wconf 86' lang='lat' dir='ltr'><strong>honoris</strong></span> <span class='ocrx_word' id='word_1_200' title='bbox 865 3908 1071 3974; x_wconf 81' lang='lat' dir='ltr'><strong>ecelesiastici</strong></span> <span class='ocrx_word' id='word_1_201' title='bbox 1096 3907 1210 3991; x_wconf 81' lang='lat' dir='ltr'><strong>dignus</strong></span> <span class='ocrx_word' id='word_1_202' title='bbox 1234 3906 1391 3972; x_wconf 79' lang='lat' dir='ltr'><strong>habentur</strong></span> 
     </span>
    </p>
   </div>
   <div class='ocr_carea' id='block_1_4' title="bbox 261 4145 1397 4302">
    <p class='ocr_par' dir='ltr' id='par_1_8' title="bbox 261 4145 1397 4302">
     <span class='ocr_line' id='line_1_25' title="bbox 349 4145 1397 4216; baseline 0.002 -16"><span class='ocrx_word' id='word_1_203' title='bbox 349 4146 421 4202; x_wconf 78' lang='lat' dir='ltr'><strong>oet.</strong></span> <span class='ocrx_word' id='word_1_204' title='bbox 439 4146 519 4206; x_wconf 74' lang='lat' dir='ltr'><strong>nrm.</strong></span> <span class='ocrx_word' id='word_1_205' title='bbox 537 4149 563 4214; x_wconf 83' lang='lat'><strong>3,</strong></span> <span class='ocrx_word' id='word_1_206' title='bbox 581 4149 614 4201; x_wconf 79' lang='lat' dir='ltr'><strong>nr</strong></span> <span class='ocrx_word' id='word_1_207' title='bbox 693 4152 709 4200; x_wconf 74' lang='lat' dir='ltr'><strong>e</strong></span> <span class='ocrx_word' id='word_1_208' title='bbox 729 4146 762 4201; x_wconf 76' lang='lat' dir='ltr'><strong>er.</strong></span> <span class='ocrx_word' id='word_1_209' title='bbox 780 4145 836 4202; x_wconf 85' lang='lat'>1111</span> <span class='ocrx_word' id='word_1_210' title='bbox 857 4148 921 4216; x_wconf 70' lang='lat' dir='ltr'><strong>neg.</strong></span> <span class='ocrx_word' id='word_1_211' title='bbox 940 4147 966 4214; x_wconf 85' lang='lat' dir='ltr'><strong>s,</strong></span> <span class='ocrx_word' id='word_1_212' title='bbox 986 4148 1017 4200; x_wconf 90' lang='grc' dir='ltr'><strong>ιι</strong></span> <span class='ocrx_word' id='word_1_213' title='bbox 1093 4148 1125 4200; x_wconf 85' lang='lat' dir='ltr'><strong>ro</strong></span> <span class='ocrx_word' id='word_1_214' title='bbox 1144 4147 1177 4200; x_wconf 73' lang='grc' dir='ltr'><strong>ιι.</strong></span> <span class='ocrx_word' id='word_1_215' title='bbox 1196 4147 1241 4200; x_wconf 63' lang='grc' dir='ltr'><strong>ιι.</strong></span> <span class='ocrx_word' id='word_1_216' title='bbox 1261 4148 1286 4213; x_wconf 76' lang='lat' dir='ltr'><strong>t,</strong></span> <span class='ocrx_word' id='word_1_217' title='bbox 1309 4149 1349 4202; x_wconf 78' lang='lat' dir='ltr'><strong>rs.</strong></span> <span class='ocrx_word' id='word_1_218' title='bbox 1370 4147 1397 4202; x_wconf 85' lang='lat'><strong>11</strong></span> 
     </span>
     <span class='ocr_line' id='line_1_26' title="bbox 261 4234 414 4302; baseline 0.02 -14"><span class='ocrx_word' id='word_1_219' title='bbox 261 4234 414 4302; x_wconf 49' lang='grc' dir='ltr'><strong>ΉΜῆΒ</strong></span> 
     </span>
    </p>
   </div>
   <div class='ocr_carea' id='block_1_5' title="bbox 261 4374 1406 5329">
    <p class='ocr_par' dir='ltr' id='par_1_9' title="bbox 299 4374 1402 4446">
     <span class='ocr_line' id='line_1_27' title="bbox 299 4374 1402 4446; baseline -0.002 -15"><span class='ocrx_word' id='word_1_220' title='bbox 299 4380 310 4431; x_wconf 92' lang='grc'><strong>1</strong></span> <span class='ocrx_word' id='word_1_221' title='bbox 328 4376 419 4434; x_wconf 66' lang='lat' dir='ltr'><strong>diuum</strong></span> <span class='ocrx_word' id='word_1_222' title='bbox 429 4378 459 4432; x_wconf 93' lang='grc' dir='ltr'><em>Χ</em></span> <span class='ocrx_word' id='word_1_223' title='bbox 511 4377 780 4432; x_wconf 76' lang='lat' dir='ltr'><strong>inuenereeuudiores</strong></span> <span class='ocrx_word' id='word_1_224' title='bbox 794 4380 840 4444; x_wconf 83' lang='lat' dir='ltr'><strong>(ue</strong></span> <span class='ocrx_word' id='word_1_225' title='bbox 850 4379 958 4446; x_wconf 72' lang='lat' dir='ltr'><strong>partis·</strong></span> <span class='ocrx_word' id='word_1_226' title='bbox 968 4379 1050 4444; x_wconf 80' lang='lat' dir='ltr'><strong>erus.)</strong></span> <span class='ocrx_word' id='word_1_227' title='bbox 1060 4375 1097 4431; x_wconf 71' lang='grc' dir='ltr'><em>Μ</em></span> <span class='ocrx_word' id='word_1_228' title='bbox 1108 4374 1337 4431; x_wconf 82' lang='lat' dir='ltr'><strong>inuenioondiores</strong></span> <span class='ocrx_word' id='word_1_229' title='bbox 1349 4374 1402 4430; x_wconf 78' lang='grc' dir='ltr'><strong>ΟΧ</strong></span> 
     </span>
    </p>

    <p class='ocr_par' dir='ltr' id='par_1_10' title="bbox 261 4462 1406 5329">
     <span class='ocr_line' id='line_1_28' title="bbox 262 4462 1399 4533; baseline -0.003 -14"><span class='ocrx_word' id='word_1_230' title='bbox 262 4469 279 4519; x_wconf 77' lang='lat' dir='ltr'><strong>:t</strong></span> <span class='ocrx_word' id='word_1_231' title='bbox 297 4463 420 4533; x_wconf 62' lang='lat' dir='ltr'><strong>irrideris</strong></span> <span class='ocrx_word' id='word_1_232' title='bbox 436 4464 531 4533; x_wconf 73' lang='lat' dir='ltr'><strong>(eurr.)</strong></span> <span class='ocrx_word' id='word_1_233' title='bbox 549 4464 584 4519; x_wconf 80' lang='lat' dir='ltr'><strong>nl</strong></span> <span class='ocrx_word' id='word_1_234' title='bbox 686 4463 862 4519; x_wconf 78' lang='lat' dir='ltr'><strong>biunderint</strong></span> <span class='ocrx_word' id='word_1_235' title='bbox 881 4464 905 4519; x_wconf 83' lang='lat'><em>0</em></span> <span class='ocrx_word' id='word_1_236' title='bbox 921 4464 1068 4520; x_wconf 81' lang='lat' dir='ltr'><strong>funderunt</strong></span> <span class='ocrx_word' id='word_1_237' title='bbox 1088 4464 1142 4520; x_wconf 63' lang='grc' dir='ltr'><strong>(ΞΑ</strong></span> <span class='ocrx_word' id='word_1_238' title='bbox 1244 4465 1261 4519; x_wconf 82' lang='lat' dir='ltr'><strong>d</strong></span> <span class='ocrx_word' id='word_1_239' title='bbox 1281 4462 1399 4518; x_wconf 88' lang='lat' dir='ltr'><strong>uidimus</strong></span> 
     </span>
     <span class='ocr_line' id='line_1_29' title="bbox 265 4551 1404 4623; baseline -0.003 -15"><span class='ocrx_word' id='word_1_240' title='bbox 265 4553 347 4608; x_wconf 69' lang='lat' dir='ltr'><strong>CXX</strong></span> <span class='ocrx_word' id='word_1_241' title='bbox 452 4554 597 4610; x_wconf 77' lang='lat' dir='ltr'><strong>constitum</strong></span> <span class='ocrx_word' id='word_1_242' title='bbox 615 4552 678 4608; x_wconf 68' lang='lat' dir='ltr'><strong>HG</strong></span> <span class='ocrx_word' id='word_1_243' title='bbox 804 4552 951 4623; x_wconf 66' lang='lat' dir='ltr'><strong>equino</strong></span> <span class='ocrx_word' id='word_1_244' title='bbox 1071 4553 1237 4610; x_wconf 69' lang='lat' dir='ltr'><strong>bdiuconus</strong></span> <span class='ocrx_word' id='word_1_245' title='bbox 1255 4554 1351 4620; x_wconf 80' lang='lat' dir='ltr'><strong>(eurr.)</strong></span> <span class='ocrx_word' id='word_1_246' title='bbox 1368 4551 1404 4605; x_wconf 77' lang='grc'><strong>11</strong></span> 
     </span>
     <span class='ocr_line' id='line_1_30' title="bbox 262 4639 1403 4713; baseline -0.002 -18"><span class='ocrx_word' id='word_1_247' title='bbox 262 4639 389 4696; x_wconf 66' lang='lat' dir='ltr'><strong>defundit</strong></span> <span class='ocrx_word' id='word_1_248' title='bbox 407 4641 436 4713; x_wconf 51' lang='lat' dir='ltr'><strong>,X</strong></span> <span class='ocrx_word' id='word_1_249' title='bbox 451 4645 532 4710; x_wconf 78' lang='lat' dir='ltr'><strong>(eurr.</strong></span> <span class='ocrx_word' id='word_1_250' title='bbox 552 4644 627 4696; x_wconf 41' lang='lat' dir='ltr'><strong>,duali</strong></span> <span class='ocrx_word' id='word_1_251' title='bbox 645 4659 705 4712; x_wconf 62' lang='lat' dir='ltr'><strong>mn,</strong></span> <span class='ocrx_word' id='word_1_252' title='bbox 724 4643 763 4710; x_wconf 81' lang='grc' dir='ltr'><strong>Β)</strong></span> <span class='ocrx_word' id='word_1_253' title='bbox 821 4641 853 4696; x_wconf 90' lang='grc'><strong>10</strong></span> <span class='ocrx_word' id='word_1_254' title='bbox 873 4641 1033 4712; x_wconf 70' lang='lat' dir='ltr'><strong>presbiteris</strong></span> <span class='ocrx_word' id='word_1_255' title='bbox 1050 4641 1086 4696; x_wconf 73' lang='grc' dir='ltr'>Ι</span> <span class='ocrx_word' id='word_1_256' title='bbox 1147 4640 1316 4696; x_wconf 74' lang='lat' dir='ltr'><strong>disseniso&#39;</strong></span> <span class='ocrx_word' id='word_1_257' title='bbox 1376 4647 1403 4693; x_wconf 80' lang='lat' dir='ltr'><strong>et</strong></span> 
     </span>
     <span class='ocr_line' id='line_1_31' title="bbox 262 4727 1406 4797; baseline -0.002 -13"><span class='ocrx_word' id='word_1_258' title='bbox 262 4744 315 4784; x_wconf 86' lang='lat' dir='ltr'><strong>nou</strong></span> <span class='ocrx_word' id='word_1_259' title='bbox 331 4744 385 4785; x_wconf 71' lang='lat' dir='ltr'><strong>uun</strong></span> <span class='ocrx_word' id='word_1_260' title='bbox 403 4727 440 4783; x_wconf 71' lang='grc' dir='ltr'><em>Μ</em></span> <span class='ocrx_word' id='word_1_261' title='bbox 527 4732 557 4784; x_wconf 91' lang='grc'><strong>11</strong></span> <span class='ocrx_word' id='word_1_262' title='bbox 579 4729 778 4785; x_wconf 78' lang='lat' dir='ltr'><strong>honorabiliore</strong></span> <span class='ocrx_word' id='word_1_263' title='bbox 797 4732 879 4797; x_wconf 83' lang='lat' dir='ltr'><strong>(eurr.</strong></span> <span class='ocrx_word' id='word_1_264' title='bbox 900 4734 963 4797; x_wconf 79' lang='lat' dir='ltr'><strong>ree.)</strong></span> <span class='ocrx_word' id='word_1_265' title='bbox 981 4727 1017 4783; x_wconf 73' lang='grc' dir='ltr'><em>Μ</em></span> <span class='ocrx_word' id='word_1_266' title='bbox 1034 4728 1246 4784; x_wconf 76' lang='lat' dir='ltr'><strong>bouenbiliores</strong></span> <span class='ocrx_word' id='word_1_267' title='bbox 1266 4731 1359 4793; x_wconf 67' lang='lat' dir='ltr'><strong>(corni</strong></span> <span class='ocrx_word' id='word_1_268' title='bbox 1381 4729 1406 4782; x_wconf 71' lang='grc'><strong>(1</strong></span> 
     </span>
     <span class='ocr_line' id='line_1_32' title="bbox 265 4815 1402 4888; baseline 0 -18"><span class='ocrx_word' id='word_1_269' title='bbox 265 4817 295 4870; x_wconf 76' lang='grc'><strong>14</strong></span> <span class='ocrx_word' id='word_1_270' title='bbox 313 4815 451 4872; x_wconf 78' lang='lat' dir='ltr'><strong>uindiesr&#39;e</strong></span> <span class='ocrx_word' id='word_1_271' title='bbox 468 4833 521 4873; x_wconf 80' lang='lat' dir='ltr'><strong>our.</strong></span> <span class='ocrx_word' id='word_1_272' title='bbox 542 4821 566 4873; x_wconf 79' lang='lat' dir='ltr'><em>G</em></span> <span class='ocrx_word' id='word_1_273' title='bbox 664 4820 696 4872; x_wconf 75' lang='lat'><strong>15,</strong></span> <span class='ocrx_word' id='word_1_274' title='bbox 715 4819 778 4888; x_wconf 85' lang='lat' dir='ltr'><strong>quin</strong></span> <span class='ocrx_word' id='word_1_275' title='bbox 796 4818 820 4872; x_wconf 87' lang='lat' dir='ltr'><strong>si</strong></span> <span class='ocrx_word' id='word_1_276' title='bbox 839 4817 881 4888; x_wconf 86' lang='lat' dir='ltr'><strong>bi]</strong></span> <span class='ocrx_word' id='word_1_277' title='bbox 899 4819 962 4887; x_wconf 80' lang='lat' dir='ltr'><strong>quir</strong></span> <span class='ocrx_word' id='word_1_278' title='bbox 981 4816 1034 4871; x_wconf 81' lang='lat' dir='ltr'><strong>ribi</strong></span> <span class='ocrx_word' id='word_1_279' title='bbox 1051 4816 1088 4871; x_wconf 77' lang='grc' dir='ltr'><em>Μ</em></span> <span class='ocrx_word' id='word_1_280' title='bbox 1104 4819 1181 4888; x_wconf 80' lang='lat' dir='ltr'><strong>qussi</strong></span> <span class='ocrx_word' id='word_1_281' title='bbox 1201 4817 1228 4871; x_wconf 90' lang='lat' dir='ltr'><strong>bi</strong></span> <span class='ocrx_word' id='word_1_282' title='bbox 1251 4819 1280 4871; x_wconf 89' lang='grc' dir='ltr'><em>Χ</em></span> <span class='ocrx_word' id='word_1_283' title='bbox 1296 4817 1360 4887; x_wconf 82' lang='lat' dir='ltr'><strong>quis</strong></span> <span class='ocrx_word' id='word_1_284' title='bbox 1378 4818 1402 4870; x_wconf 87' lang='lat' dir='ltr'><strong>ui</strong></span> 
     </span>
     <span class='ocr_line' id='line_1_33' title="bbox 261 4901 1401 4975; baseline 0.001 -19"><span class='ocrx_word' id='word_1_285' title='bbox 261 4901 300 4958; x_wconf 89' lang='lat' dir='ltr'><strong>bii</strong></span> <span class='ocrx_word' id='word_1_286' title='bbox 319 4901 375 4958; x_wconf 78' lang='grc' dir='ltr'><strong>θΔ</strong></span> <span class='ocrx_word' id='word_1_287' title='bbox 463 4907 510 4975; x_wconf 86' lang='lat' dir='ltr'><strong>qui</strong></span> <span class='ocrx_word' id='word_1_288' title='bbox 528 4921 577 4960; x_wconf 80' lang='lat' dir='ltr'><strong>err.</strong></span> <span class='ocrx_word' id='word_1_289' title='bbox 600 4905 707 4959; x_wconf 75' lang='lat' dir='ltr'><strong>d&#39;Nb&#39;B</strong></span> <span class='ocrx_word' id='word_1_290' title='bbox 796 4904 1091 4974; x_wconf 71' lang='lat' dir='ltr'><strong>mrgmsgniueertism</strong></span> <span class='ocrx_word' id='word_1_291' title='bbox 1109 4903 1146 4958; x_wconf 77' lang='grc' dir='ltr'><em>Μ</em></span> <span class='ocrx_word' id='word_1_292' title='bbox 1235 4905 1267 4959; x_wconf 84' lang='lat' dir='ltr'><strong>ld</strong></span> <span class='ocrx_word' id='word_1_293' title='bbox 1286 4902 1401 4972; x_wconf 84' lang='lat' dir='ltr'><strong>quueG</strong></span> 
     </span>
     <span class='ocr_line' id='line_1_34' title="bbox 263 4987 1402 5063; baseline -0.003 -18"><span class='ocrx_word' id='word_1_294' title='bbox 263 4991 430 5058; x_wconf 67' lang='lat' dir='ltr'><strong>pomum·</strong></span> <span class='ocrx_word' id='word_1_295' title='bbox 450 4992 504 5046; x_wconf 66' lang='lat' dir='ltr'><strong>&amp;A</strong></span> <span class='ocrx_word' id='word_1_296' title='bbox 583 5009 636 5049; x_wconf 80' lang='lat' dir='ltr'><strong>our.</strong></span> <span class='ocrx_word' id='word_1_297' title='bbox 650 5011 694 5063; x_wconf 66' lang='lat' dir='ltr'><strong>pru</strong></span> <span class='ocrx_word' id='word_1_298' title='bbox 714 4998 779 5049; x_wconf 84' lang='lat' dir='ltr'><strong>suut</strong></span> <span class='ocrx_word' id='word_1_299' title='bbox 797 4992 829 5047; x_wconf 85' lang='lat' dir='ltr'><strong><em>N</em></strong></span> <span class='ocrx_word' id='word_1_300' title='bbox 918 4990 1082 5063; x_wconf 71' lang='lat' dir='ltr'><strong>rademini]</strong></span> <span class='ocrx_word' id='word_1_301' title='bbox 1101 4991 1146 5047; x_wconf 92' lang='lat' dir='ltr'><strong>dm</strong></span> <span class='ocrx_word' id='word_1_302' title='bbox 1165 4991 1202 5045; x_wconf 78' lang='lat' dir='ltr'><strong>b!</strong></span> <span class='ocrx_word' id='word_1_303' title='bbox 1270 4994 1338 5060; x_wconf 74' lang='lat' dir='ltr'><strong>aput</strong></span> <span class='ocrx_word' id='word_1_304' title='bbox 1356 4987 1402 5043; x_wconf 80' lang='lat' dir='ltr'><strong>din</strong></span> 
     </span>
     <span class='ocr_line' id='line_1_35' title="bbox 263 5074 1401 5153; baseline -0.004 -20"><span class='ocrx_word' id='word_1_305' title='bbox 263 5074 317 5143; x_wconf 83' lang='lat' dir='ltr'><strong>(dm</strong></span> <span class='ocrx_word' id='word_1_306' title='bbox 334 5082 418 5147; x_wconf 71' lang='lat' dir='ltr'><strong>m.)</strong></span> <span class='ocrx_word' id='word_1_307' title='bbox 431 5078 467 5133; x_wconf 75' lang='lat' dir='ltr'><strong>nl</strong></span> <span class='ocrx_word' id='word_1_308' title='bbox 521 5081 553 5135; x_wconf 82' lang='lat' dir='ltr'><strong>lu</strong></span> <span class='ocrx_word' id='word_1_309' title='bbox 572 5082 616 5137; x_wconf 85' lang='lat' dir='ltr'><strong>bio</strong></span> <span class='ocrx_word' id='word_1_310' title='bbox 629 5100 680 5139; x_wconf 78' lang='lat' dir='ltr'><strong>orn.</strong></span> <span class='ocrx_word' id='word_1_311' title='bbox 695 5083 724 5137; x_wconf 92' lang='grc' dir='ltr'><em>Χ</em></span> <span class='ocrx_word' id='word_1_312' title='bbox 795 5081 911 5153; x_wconf 77' lang='lat' dir='ltr'><strong>orestus]</strong></span> <span class='ocrx_word' id='word_1_313' title='bbox 931 5085 1020 5137; x_wconf 75' lang='lat' dir='ltr'><strong>oretur</strong></span> <span class='ocrx_word' id='word_1_314' title='bbox 1034 5081 1071 5135; x_wconf 77' lang='lat' dir='ltr'><strong>bl</strong></span> <span class='ocrx_word' id='word_1_315' title='bbox 1086 5081 1166 5148; x_wconf 81' lang='lat' dir='ltr'><strong>(corr.</strong></span> <span class='ocrx_word' id='word_1_316' title='bbox 1185 5094 1235 5133; x_wconf 83' lang='lat' dir='ltr'><strong>rec.</strong></span> <span class='ocrx_word' id='word_1_317' title='bbox 1255 5076 1401 5143; x_wconf 79' lang='lat' dir='ltr'><strong>decretus),</strong></span> 
     </span>
     <span class='ocr_line' id='line_1_36' title="bbox 263 5161 1401 5241; baseline -0.004 -20"><span class='ocrx_word' id='word_1_318' title='bbox 263 5164 362 5235; x_wconf 67' lang='lat' dir='ltr'><strong>Nm</strong></span> <span class='ocrx_word' id='word_1_319' title='bbox 379 5167 463 5234; x_wconf 81' lang='lat' dir='ltr'><strong>(eurr.</strong></span> <span class='ocrx_word' id='word_1_320' title='bbox 476 5170 524 5223; x_wconf 65' lang='lat' dir='ltr'><strong>ssd</strong></span> <span class='ocrx_word' id='word_1_321' title='bbox 537 5167 672 5237; x_wconf 76' lang='lat' dir='ltr'><strong>decretus)</strong></span> <span class='ocrx_word' id='word_1_322' title='bbox 707 5172 743 5226; x_wconf 84' lang='grc'><strong>20</strong></span> <span class='ocrx_word' id='word_1_323' title='bbox 761 5172 902 5241; x_wconf 77' lang='lat' dir='ltr'><strong>dissonus}</strong></span> <span class='ocrx_word' id='word_1_324' title='bbox 920 5170 1033 5226; x_wconf 78' lang='lat' dir='ltr'><strong>oieenm</strong></span> <span class='ocrx_word' id='word_1_325' title='bbox 1051 5173 1131 5236; x_wconf 73' lang='lat' dir='ltr'><strong>(eoru.</strong></span> <span class='ocrx_word' id='word_1_326' title='bbox 1145 5181 1209 5221; x_wconf 72' lang='lat' dir='ltr'><strong>reor</strong></span> <span class='ocrx_word' id='word_1_327' title='bbox 1224 5163 1261 5219; x_wconf 78' lang='lat' dir='ltr'><strong><em>M</em></strong></span> <span class='ocrx_word' id='word_1_328' title='bbox 1293 5164 1327 5219; x_wconf 87' lang='grc'><strong>21</strong></span> <span class='ocrx_word' id='word_1_329' title='bbox 1344 5161 1401 5218; x_wconf 84' lang='lat' dir='ltr'><strong>dis·</strong></span> 
     </span>
     <span class='ocr_line' id='line_1_37' title="bbox 264 5251 1209 5329; baseline -0.001 -21"><span class='ocrx_word' id='word_1_330' title='bbox 264 5251 473 5324; x_wconf 76' lang='lat' dir='ltr'><strong>t·nrriiJ·diuooui</strong></span> <span class='ocrx_word' id='word_1_331' title='bbox 488 5256 540 5310; x_wconf 75' lang='lat' dir='ltr'><strong>CX</strong></span> <span class='ocrx_word' id='word_1_332' title='bbox 593 5259 627 5311; x_wconf 91' lang='grc'><strong>22</strong></span> <span class='ocrx_word' id='word_1_333' title='bbox 646 5258 786 5312; x_wconf 82' lang='lat' dir='ltr'><strong>oeeleeionr</strong></span> <span class='ocrx_word' id='word_1_334' title='bbox 803 5258 857 5310; x_wconf 71' lang='lat' dir='ltr'><strong>CX</strong></span> <span class='ocrx_word' id='word_1_335' title='bbox 908 5259 943 5312; x_wconf 77' lang='grc'><strong>23</strong></span> <span class='ocrx_word' id='word_1_336' title='bbox 962 5257 1163 5329; x_wconf 63' lang='lat' dir='ltr'><strong>ecclesiasticae</strong></span> <span class='ocrx_word' id='word_1_337' title='bbox 1185 5254 1209 5306; x_wconf 67' lang='lat'><strong>(1¹</strong></span> 
     </span>
    </p>
   </div>
   <div class='ocr_carea' id='block_1_6' title="bbox 1315 5359 1363 5411">
    <p class='ocr_par' dir='ltr' id='par_1_11' title="bbox 1315 5359 1363 5411">
     <span class='ocr_line' id='line_1_38' title="bbox 1315 5359 1363 5411; baseline -0.021 0"><span class='ocrx_word' id='word_1_338' title='bbox 1315 5359 1363 5411; x_wconf 81' lang='lat'><strong>13·</strong></span> 
     </span>
    </p>
   </div>
   <div class='ocr_carea' id='block_1_7' title="bbox 0 0 1642 6434">
    <p class='ocr_par' dir='ltr' id='par_1_12' title="bbox 0 0 1642 6434">
     <span class='ocr_line' id='line_1_39' title="bbox 0 0 1642 6434; baseline 0 0"><span class='ocrx_word' id='word_1_339' title='bbox 0 0 1642 6434; x_wconf 95' lang='lat' dir='ltr'><strong> </strong></span> 
     </span>
    </p>
   </div>
  </div>
 </body>
</html>
