3275 6434
597 1581 602 1589 Ι
649 1510 776 1575 120
1443 1502 1644 1560 Liber
1678 1501 2139 1574 quaestionum

646 1698 923 1765 aduentu
977 1698 1218 1765 domini
1269 1701 1337 1765 ot
1388 1697 1785 1783 temporibus
1839 1695 2260 1764 ebdomadam
2315 1696 2612 1780 protetat„
2667 1696 2816 1780 quia
2872 1701 2942 1762 et

646 1805 875 1872 crisma
936 1807 1003 1872 et
1062 1803 1372 1871 iudicium
1435 1808 1502 1870 et
1561 1802 1941 1870 sacrificium
1996 1806 2065 1869 et
2123 1802 2264 1886 ipsa
2324 1803 2555 1869 ciuitas
2608 1806 2939 1868 cessatura

646 1915 796 1978 orat.
875 1910 1160 1995 spiritale
1229 1910 1397 1977 enim
1478 1909 1854 1977 adueniente
1923 1910 2066 1996 logo
2134 1928 2396 1978 necesso
2477 1913 2614 1976 orat
2683 1928 2938 1977 cessare

645 2017 938 2084 carnalia.
995 2021 1148 2085 tunc
1202 2017 1368 2084 enim
1424 2035 1497 2082 ex
1551 2020 1730 2101 parte
1788 2018 2065 2102 corporis
2121 2017 2520 2084 sentiebatur
2571 2015 2709 2095 deo,
2764 2034 2937 2082 nunc

646 2142 720 2191 ex
756 2115 938 2209 §arte
984 2124 1257 2198 animaez
1316 2123 1561 2209 pridem
1617 2122 1981 2202 uiaibiliter‚
2036 2123 2224 2191 modo
2285 2123 2718 2202 inuisibiliter3
2773 2127 2933 2190 tunc
3000 2139 3033 2184 s

643 2229 709 2296 iu
765 2247 970 2310 carno,
1024 2248 1193 2297 nunc
1254 2230 1316 2297 in
1383 2230 1615 2310 animo,
1664 2231 1814 2314 quia
1857 2229 1974 2296 deo
2021 2230 2264 2314 utiquo,
2321 2231 2433 2314 qui
2488 2229 2752 2315 spiritus
2812 2234 2933 2308 est,

643 2337 708 2402 in
782 2336 1011 2420 spiritu
1085 2336 1487 2405 seruiendum
1555 2340 1673 2403 est.
1737 2354 1858 2403 non
1917 2354 2067 2422 ergo
2141 2336 2354 2403 soluta
2413 2336 2515 2402 lex
2586 2341 2707 2416 ost,
2783 2336 2936 2421 quia

646 2443 944 2522 cessauit,
999 2442 1113 2510 sed
1169 2461 1538 2511 successum
1603 2441 1703 2509 illi
1762 2446 1864 2509 est
1908 2443 2170 2526 impleto
2237 2445 2536 2526 temporo.
2591 2461 2705 2509 nec
2761 2442 2930 2508 enim

644 2547 1105 2617 administratio
1179 2549 1320 2616 eius
1383 2554 1725 2617 accusatur
1795 2552 1909 2615 aut
1970 2549 2302 2627 iudicium,
2368 2548 2425 2616 si
2488 2548 2932 2635 peccatoribus

641 2655 1032 2742 indulgentia
1068 2655 1274 2736 datur,
1313 2674 1458 2722 cum
1487 2655 1634 2722 hinc
1666 2655 1870 2740 magis
1905 2658 2076 2722 recte
2114 2654 2265 2721 data
2298 2659 2365 2722 et
2396 2654 2571 2722 iusta
2605 2654 2929 2739 probetur,
2968 2669 3023 2713 ιο

640 2761 794 2846 quia
826 2761 1060 2846 quibus
1097 2761 1556 2840 dominabatur,
1596 2765 1956 2846 peccatores
1991 2761 2193 2829 fuisse
2220 2780 2341 2827 non
2373 2763 2714 2846 negantur:
2755 2761 2932 2845 quia

640 2866 923 2948 iustis,
969 2867 1200 2960 inquit,
1245 2869 1371 2935 lox
1418 2887 1565 2935 non
1605 2871 1736 2935 eat
1777 2868 2073 2952 posita.

698 2978 791 3040 --4.
827 2973 967 3041 Non
1004 2992 1154 3060 orgo
1191 2975 1343 3060 quia
1376 2974 1810 3042 misericordia
1846 2974 2251 3059 praeferenda
2294 2978 2413 3053 est,
2460 2972 2929 3042 condemnanda

641 3085 900 3164 putetur
932 3081 1203 3159 iustitia,
1241 3080 1426 3148 cuius
1464 3079 1819 3148 reuerentia
1847 3080 2054 3147 sinon
2092 3085 2285 3159 esset,
2313 3081 2453 3165 ipsa
2490 3079 2929 3148 misericordia

639 3187 918 3253 fructum
955 3206 1076 3254 non
1115 3187 1396 3255 haberet.
1433 3186 1556 3255 nisi
1593 3189 1759 3255 enim
1798 3187 1959 3254 hanc
1995 3188 2391 3256 seruauerint
2423 3191 2573 3273 post
2595 3189 2925 3272 acceptam
2968 3201 3025 3244 ιδ

641 3292 1156 3373 misericordiam,
1178 3295 1334 3361 nihil
1363 3294 1493 3361 illis
1522 3294 1805 3381 proderit
1827 3294 2242 3381 indulgentia.
2262 3314 2407 3361 nam
2437 3294 2596 3360 dixit
2609 3295 2739 3359 lex:
2776 3311 2817 3357 n
2836 3310 2924 3357 on

640 3398 901 3466 facies
947 3399 1107 3466 tibi
1145 3399 1445 3468 idolum
1491 3418 1744 3484 noque
1790 3399 2277 3478 adoraueris‚
2324 3399 2647 3483 quaein
2695 3398 2927 3465 caelo

643 3524 963 3572 sursum
1004 3509 1312 3573 suntet
1356 3507 1673 3590 quaein
1707 3509 1932 3573 terra
1968 3507 2361 3583 deorsum,
2402 3509 2493 3573 et:
2532 3516 2678 3572 non
2718 3503 2928 3589 peie-

642 3611 884 3690 rabis,
922 3617 1016 3679 ot:
1053 3613 1356 3679 honora
1392 3617 1697 3698 patrem
1746 3616 1825 3679 et
1860 3617 2211 3692 matrem,
2252 3615 2345 3679 et:
2384 3630 2531 3678 non
2570 3609 2927 3684 occides,

640 3735 895 3801 neque
942 3718 1515 3797 fornicaberis,
1553 3738 1811 3803 nequo
1848 3719 2150 3786 furtum
2190 3717 2472 3797 facies,
2510 3736 2657 3784 non
2696 3716 2925 3782 dices
2960 3731 3026 3774 ao

641 3821 941 3889 falsum
980 3823 1569 3904 testimonium,
1608 3842 1866 3907 neq-ue
1914 3823 2453 3909 concupisces
2492 3823 2925 3908 quicquam

641 3929 984 4014 proximi
1023 3930 1160 3998 tui.
1197 3929 1506 4015 numquid
1535 3930 1692 3997 haec
1721 3948 2007 3998 cessasse
2037 3930 2302 3997 dicenda
2329 3934 2521 3996 sunt?
2559 3930 2749 3996 absit.
2787 3929 2928 3996 sine

640 4035 742 4100 his
778 4036 946 4102 onim
994 4036 1140 4120 quis
1187 4037 1423 4119 poterit
1465 4037 1569 4102 uel
1608 4037 1673 4101 in
1712 4036 1831 4102 hac
1867 4037 2007 4103 uita
2042 4036 2305 4104 idoneus
2340 4037 2650 4103 iudicari?
2694 4055 2768 4102 ac
2816 4055 2931 4119 per

641 4141 758 4206 hoc
787 4146 991 4208 cetera
1022 4146 1432 4209 cessaueruut
1460 4161 1619 4225 quae
1657 4162 1848 4228 supra
1884 4142 2181 4220 diximus,
2218 4143 2609 4221 neumeniae‚
2640 4142 2928 4220 sabbata,

637 4249 736 4314 lox
800 4267 1105 4328 escarum,
1169 4248 1492 4328 sacrificia,
1547 4249 1942 4316 circumcisio
2000 4255 2067 4316 ot
2119 4252 2345 4315 cetera.
2401 4249 2547 4314 hinc
2606 4252 2706 4314 est
2758 4248 2927 4314 unde
2965 4259 3027 4305 2⁵

817 4457 851 4511 6
889 4456 956 4512 οἰ.
993 4456 1106 4512 1011.
1145 4460 1196 4524 4,
1233 4458 1303 4512 ’24
1489 4459 1548 4511 11
1590 4456 1616 4511 1
1655 4456 1792 4510 Tim.
1834 4459 1881 4524 1,
1920 4459 1953 4511 9
2147 4459 2211 4512 16
2250 4457 2344 4513 Ex.
2384 4457 2469 4524 20,
2505 4459 2557 4512 4.
2596 4457 2762 4511 Deut.
2804 4460 2855 4518 5.
2895 4465 2928 4511 8

645 4544 708 4598 18
749 4545 839 4599 Ex.
876 4546 963 4614 20,
1006 4546 1084 4601 16.
1123 4546 1289 4602 Deut.
1325 4551 1376 4615 5,
1405 4547 1476 4603 20
1507 4547 1620 4615 (17)
1770 4547 1834 4602 19
1861 4545 1956 4601 Ex.
1987 4547 2075 4614 20,
2109 4547 2190 4601 12.
2221 4547 2384 4601 Dent.
2414 4549 2465 4609 5,
2500 4547 2580 4601 16.
2619 4545 2685 4601 es.
2725 4545 2930 4602 Matth.

644 4633 726 4701 19,
757 4634 838 4688 18.
869 4634 936 4689 19
1081 4633 1171 4689 Ex.
1199 4636 1289 4702 20,
1321 4637 1386 4689 15
1410 4637 1541 4703 (13).
1571 4635 1736 4690 Deut.
1769 4638 1820 4704 5,
1847 4633 1911 4689 18
1942 4635 2057 4702 (17)
2166 4635 2237 4689 20
2257 4634 2353 4689 Ex.
2381 4635 2468 4703 20,
2502 4635 2569 4691 13
2597 4635 2729 4704 (14).
2759 4633 2930 4690 Deut.

640 4723 692 4791 5,
732 4721 797 4775 17
958 4721 1048 4776 Ex.
1087 4722 1174 4789 20,
1217 4724 1281 4777 14
1319 4723 1451 4790 (15).
1499 4723 1664 4778 Deut.
1713 4726 1763 4785 5,
1806 4725 1873 4777 19
1918 4724 2029 4792 (17)
2176 4722 2272 4779 Ex.
2311 4723 2397 4791 20,
2441 4723 2523 4779 16.
2562 4722 2727 4777 Deut.
2766 4723 2821 4786 5,
2857 4723 2934 4779 20

638 4812 703 4867 21
745 4811 838 4867 Ex.
875 4811 962 4880 20,
1004 4813 1085 4867 17.
1124 4811 1288 4866 Deut.
1327 4814 1378 4877 5,
1415 4812 1479 4866 21
1522 4813 1637 4880 (18)

459 4958 568 5028 des,
590 4960 645 5014 P
715 4951 740 5007 1
782 4951 1129 5009 ebdomarum
1172 4951 1279 5007 ΕΔ
1493 4952 1810 5024 prophetam
1854 4951 1902 5007 0
2076 4953 2110 5008 2
2155 4953 2389 5008 chrisma
2426 4951 2584 5009 CFB
2628 4968 2835 5024 emma
2877 4955 2934 5006 (ι’

637 5040 672 5095 8
707 5040 953 5112 spiritale
988 5044 1151 5111 (corr.
1188 5042 1257 5108 ·i)
1298 5041 1348 5097 0
1378 5041 1613 5113 spiritali
1651 5039 1823 5095 NGA
1996 5045 2030 5098 5
2068 5041 2361 5097 uiaibiliter
2394 5045 2525 5097 tuno
2560 5041 2623 5095 N
2799 5046 2936 5097 tunc

639 5145 744 5186 on.
771 5128 837 5186 N
920 5131 951 5185 7
990 5135 1079 5186 eat
1113 5130 1199 5186 lex
1239 5129 1342 5187 021
1444 5131 1511 5185 10
1546 5129 1636 5185 hic
1674 5131 1735 5186 X
1877 5130 2039 5186 daeta
2072 5129 2146 5185 M
2178 5128 2339 5186 datar
2373 5130 2434 5186 X
2574 5128 2836 5202 probatur
2861 5129 2937 5186 M

643 5218 710 5274 12
746 5236 854 5275 non
891 5223 978 5276 est
1011 5220 1095 5275 lex
1135 5219 1196 5276 X
1293 5221 1361 5275 14
1397 5223 1618 5290 petetur
1651 5220 1837 5291 (corr.)
1878 5218 1927 5275 0
2026 5220 2091 5274 15
2127 5219 2396 5275 fructuum
2438 5224 2596 5286 (aaa.
2637 5218 2739 5277 alt.
2778 5224 2835 5286 u)
2873 5217 2942 5274 N

645 5308 709 5363 18
745 5309 1141 5380 indulgentiam
1178 5308 1252 5364 M
1420 5309 1486 5363 18
1522 5307 1825 5381 periurabis
1863 5306 2035 5363 GNX
2172 5307 2243 5364 28
2277 5307 2390 5378 hia]
2429 5307 2498 5363 ab
2533 5310 2724 5376 (eras.)
2759 5308 2845 5363 his
2890 5310 2942 5362 C

639 5395 708 5453 24
745 5399 1030 5453 numeniae
1065 5397 1138 5452 M
1170 5396 1527 5465 neumini(a)e
1571 5395 1620 5451 G
1652 5399 1812 5464 (corr.
1849 5396 2165 5464 neo-iaie),
2193 5395 2256 5452 Γ
2284 5397 2599 5451 neomeniae
2629 5396 2692 5450 X
