3275 6434
1530 976 1758 988 —n

632 1453 716 1518 28
1429 1451 1627 1506 Liber
1662 1452 2124 1522 quaestionum

628 1645 837 1710 exiens
868 1643 1223 1710 suffocabat
1249 1661 1626 1709 conseruum
1658 1662 1866 1719 suum,
1888 1647 1962 1708 ut
1989 1647 2056 1709 et
2074 1643 2150 1708 de
2178 1642 2513 1727 praeterito
2539 1644 2761 1728 ignoto
2781 1644 2909 1711 sibi

628 1748 906 1815 facinore
934 1753 998 1814 et
1026 1748 1105 1814 de
1133 1748 1460 1832 impietate
1479 1749 1540 1813 in
1562 1767 1940 1814 conseruum
1958 1748 2240 1815 admissa
2256 1749 2702 1816 inexcusabilis
2731 1749 2907 1815 darn-

627 1857 897 1919 naretur.
937 1858 1004 1919 et
1037 1856 1248 1919 tamen
1288 1853 1366 1919 ad
1399 1872 1695 1937 praesens
1734 1853 2066 1919 damnatus
2105 1872 2226 1920 nou
2270 1857 2369 1919 est
2397 1853 2571 1932 Cain,
2609 1853 2723 1920 sed
2760 1873 2907 1921 con·

626 1958 812 2025 fusus
843 1963 908 2024 et
933 1977 1079 2024 reus
1117 1958 1237 2024 sub
1275 1962 1507 2024 terrore
1536 1958 1839 2025 dimissus
1869 1964 1969 2024 est
1994 1977 2184 2043 super
2208 1961 2457 2037 terram,
2486 1963 2579 2038 ut,
2609 1960 2666 2024 si
2694 1961 2906 2044 paeni-

626 2067 808 2142 teret,
837 2064 1272 2150 ignosceretur
1298 2064 1374 2129 ei.
1402 2063 1670 2147 denique
1700 2065 1928 2130 timens
1966 2084 2044 2130 ue
2080 2064 2223 2147 quis
2261 2083 2404 2131 oum
2432 2083 2544 2148 pro
2582 2065 2705 2131 hoc
2734 2065 2906 2132 sacto
2969 2083 3001 2129 a

628 2169 962 2245 occideret,
1008 2170 1100 2233 ait
1143 2168 1222 2233 ad
1269 2168 1488 2234 deum:
1537 2170 1793 2235 maior
1844 2187 2091 2235 causa
2144 2173 2271 2236 est
2322 2187 2489 2234 mea
2540 2170 2905 2253 relinqui

627 2293 759 2338 me.
807 2275 874 2339 si
921 2273 1130 2339 eicis
1180 2293 1291 2338 me
1338 2272 1577 2339 bodie
1623 2292 1661 2337 a
1705 2273 1917 2340 facie
1962 2279 2122 2352 tua,
2170 2277 2249 2340 et
2302 2273 2587 2341 asacie
2632 2278 2907 2341 terrae

629 2377 1110 2443 abscondam
1187 2397 1301 2443 me
1372 2383 1449 2442 et
1513 2397 1641 2443 ero
1710 2397 2033 2462 gemens
2101 2382 2179 2443 ot
2240 2384 2590 2445 tremens
2655 2398 2907 2463 super

628 2489 944 2549 terram.
991 2486 1070 2547 et
1105 2484 1287 2561 erit,
1319 2484 1572 2549 omnis
1613 2484 1746 2566 qui
1785 2483 2204 2549 inuenerit
2247 2503 2361 2548 me
2408 2484 2730 2550 occidet
2766 2504 2906 2551 me.

625 2588 882 2653 territus
930 2587 1083 2653 Cain
1130 2588 1341 2654 uerbis
1387 2588 1541 2653 iusti
1585 2587 1815 2653 iudicis
1863 2588 1963 2653 dei
2009 2589 2197 2653 timet
2253 2588 2490 2671 despici
2538 2609 2575 2654 a
2620 2589 2759 2666 deo,
2814 2589 2905 2655 ita
2945 2611 2999 2654 ιο

626 2697 700 2759 ιιι
735 2698 797 2758 et
835 2713 872 2758 a
907 2697 1249 2776 conspectu
1278 2694 1599 2759 hominum
1643 2693 1859 2779 sugere
1896 2712 1965 2758 se
2001 2693 2227 2759 debere
2264 2697 2449 2778 putet
2482 2701 2716 2773 certus,
2757 2695 2908 2777 quia

626 2798 732 2880 qui
781 2799 938 2863 irato
988 2797 1105 2862 deo
1154 2797 1318 2863 uiuit
1378 2797 1568 2863 etiam
1625 2798 1703 2862 ab
1748 2799 2001 2864 homine
2046 2799 2254 2881 possit
2297 2798 2517 2864 occidi.
2574 2799 2689 2865 sed
2749 2799 2908 2882 quid

627 2904 686 2968 ei
732 2904 1059 2987 respondit
1102 2902 1437 2969 dominus?
1484 2924 1631 2970 non
1681 2904 1819 2980 sic,
1867 2905 2092 2987 inquit,
2152 2906 2272 2971 boc
2318 2910 2418 2971 est
2462 2912 2603 2973 ‘non
2654 2907 2736 2972 ad
2781 2907 2905 2972 hoc

623 3013 686 3074 te
732 3009 969 3085 remisi,
1015 3027 1159 3073 cum
1213 3027 1334 3073 non
1400 3011 1692 3075 merearis
1750 3011 1988 3088 uiuere,
2048 3014 2120 3075 ut
2172 3013 2250 3076 ab
2298 3013 2509 3095 aliquo
2570 3010 2903 3088 occidaris,

624 3113 738 3179 sed
787 3118 859 3177 ut
901 3131 1119 3198 gemas
1167 3116 1232 3177 et
1275 3117 1528 3191 tremas,
1576 3115 1758 3196 quasi
1806 3116 1911 3198 qui
1962 3115 2201 3199 primus
2253 3115 2492 3180 malum
2540 3116 2897 3200 exemplum
2939 3137 2990 3181 ιε

623 3218 868 3284 dederis
905 3236 1095 3301 super
1128 3223 1381 3297 terram,
1423 3219 1569 3283 dum
1606 3220 1931 3286 laboribus
1959 3221 2091 3287 tuis
2132 3239 2251 3285 uon
2289 3222 2614 3305 respoudit
2650 3223 2901 3287 fructus

623 3343 694 3388 ex
758 3323 995 3389 bumo’.
1059 3324 1272 3407 itaque
1338 3324 1590 3388 omnis
1677 3325 1812 3407 qui
1894 3325 2316 3400 occiderit,
2382 3327 2608 3408 inquit,
2676 3325 2902 3402 Cain,

623 3433 934 3512 septem
979 3428 1402 3494 uindictae
1451 3429 1852 3494 exsoluet.
1888 3430 2041 3495 baec
2088 3431 2401 3495 sententia
2445 3430 2727 3497 ostendit
2760 3432 2903 3498 iure

623 3533 1042 3600 damnandum
1101 3534 1275 3602 Cain.
1332 3534 1581 3617 quando
1639 3535 1806 3600 enim
1865 3535 2028 3600 uidit
2075 3536 2283 3620 legem
2339 3535 2547 3601 datam
2605 3537 2727 3602 sub
2785 3538 2901 3602 tali

622 3641 1127 3715 comminatione,
1192 3659 1268 3706 ne
1334 3641 1477 3723 quis
1541 3641 1897 3706 imitaretur
1951 3640 2186 3706 factum
2254 3641 2412 3719 eius,
2477 3641 2623 3725 plus
2689 3644 2902 3726 coepit
2935 3661 2991 3705 an

616 3743 861 3821 timere,
907 3744 1111 3809 sciens
1160 3744 1313 3827 quid
1356 3745 1510 3809 mali
1556 3744 1913 3810 admiserat,

707 3851 764 3913 5.
788 3847 1044 3932 Septem
1065 3868 1212 3935 ergo
1233 3849 1546 3915 uindictas
1569 3850 1902 3932 promittit,
1925 3851 1978 3916 si
2011 3850 2151 3932 quis
2175 3850 2253 3915 ad
2272 3851 2393 3916 hoc
2411 3851 2654 3917 facinus
2688 3851 2898 3936 adspi-

617 3959 841 4028 rasset,
884 3959 956 4020 ut
988 3954 1210 4020 uidens
1251 3976 1322 4020 ex
1351 3956 1472 4021 boc
1511 3975 1695 4040 opere
1724 3955 1879 4022 Cain
1908 3974 2083 4021 reum
2122 3956 2384 4034 factum,
2415 3962 2480 4022 et
2515 3975 2661 4022 cum
2690 3957 2900 4046 adhuc

617 4061 778 4145 legis
808 4060 1230 4125 manifestatio
1258 4080 1377 4127 non
1409 4066 1561 4127 erat.
1583 4062 1775 4127 sciret
1801 4080 1870 4126 se
1899 4061 2298 4145 septemplici
2328 4080 2529 4147 poena
2555 4063 2812 4129 multari
2842 4065 2898 4129 si

618 4184 738 4230 non
777 4166 896 4231 hoc
934 4166 1183 4245 uitaret,
1216 4170 1290 4230 ut
1323 4165 1482 4250 legis
1521 4166 1750 4231 notitia
1786 4185 1892 4230 sex
1930 4166 2148 4251 plagas
2188 4166 2444 4233 adderet
2480 4187 2668 4252 supra
2708 4186 2899 4252 quam
2934 4188 2991 4234 ιο

619 4275 930 4335 meruerat
949 4271 1120 4347 Cain,
1144 4275 1218 4336 ut
1237 4290 1380 4336 cum
1403 4273 1588 4355 plaga
1610 4271 1759 4336 Cain
1792 4275 2033 4354 septem
2057 4278 2533 4338 numerarentur
2562 4274 2898 4339 uindictae.

792 4518 826 4570 6
864 4517 995 4570 Gen.
1032 4519 1082 4576 4.
1126 4519 1206 4570 13.
1250 4520 1313 4572 14
1425 4517 1489 4568 13
1529 4514 1663 4569 Gen.
1703 4518 1755 4580 4,
1797 4518 1917 4571 15·
2028 4519 2091 4570 17
2133 4515 2263 4571 Gen.
2301 4518 2354 4580 4,
2397 4517 2515 4571 151»

690 4675 714 4727 1
741 4673 945 4726 exi-ens
963 4671 1029 4724 N
1129 4687 1443 4726 conseruum
1471 4677 1550 4740 (er
1567 4673 1628 4728 in
1650 4677 1785 4740 ras.)
1806 4672 1882 4727 M
1902 4689 2170 4729 conueruo
2199 4673 2382 4744 (corr.)
2401 4673 2464 4728 N
2530 4675 2564 4728 4
2592 4675 2897 4744 paenetiret

615 4761 677 4815 F
706 4761 976 4830 penetiret
1013 4765 1176 4825 (corr.
1211 4763 1326 4824 ΜΣ)
1361 4760 1417 4814 Β
1507 4761 1541 4814 6
1579 4761 1841 4816 occiderit
1876 4762 1945 4829 (it
1978 4764 2073 4815 ΜΒ
2106 4763 2172 4816 in
2206 4765 2343 4828 ras.)
2387 4761 2456 4830 G,
2479 4764 2529 4816 Δ
2647 4760 2809 4817 deum
2846 4763 2903 4817 P

617 4849 889 4902 dominum
927 4854 1022 4903 cet.
1168 4853 1253 4903 est
1288 4865 1449 4904 causa
1485 4847 1541 4902 P
1679 4850 1923 4920 relinque
1956 4849 2111 4905 (1οΔ
2149 4849 2382 4920 relinqui
2419 4849 2573 4918 (add.
2610 4869 2637 4906 ι
2671 4868 2717 4907 ε.
2754 4851 2816 4918 1.)
2842 4852 2904 4906 F

616 4936 646 4988 7
684 4951 771 4989 rue
809 4935 940 4989 eicis
983 4935 1049 4999 G,
1087 4935 1216 5004 (alt.
1251 4952 1280 4990 e
1315 4953 1358 4990 s.
1399 4935 1456 5002 1.)
1494 4937 1547 4990 A
1673 4935 1707 4989 8
1746 4937 2002 4991 abcedam
2039 4937 2107 4992 N
2241 4953 2332 4991 ero
2374 4945 2423 5001 (r
2455 4942 2542 4991 ml
2575 4938 2640 4992 in
2675 4941 2813 5006 ras.)
2852 4940 2902 4994 C

617 5022 686 5079 10
722 5023 915 5093 dispici
957 5023 1170 5078 GNFG
1249 5024 1311 5078 12
1350 5028 1466 5078 rato
1503 5024 1579 5078 M
1645 5024 1714 5078 14
1752 5028 1809 5079 te
1851 5042 1953 5080 om.
1983 5025 2044 5078 N
2149 5024 2215 5079 ab
2253 5040 2354 5079 om.
2383 5025 2454 5094 F,
2494 5025 2647 5095 (aad.
2687 5029 2803 5090 ΜΒ)
2842 5026 2897 5081 Β

618 5109 683 5165 18
721 5111 856 5165 haec
893 5115 976 5165 est
1012 5111 1086 5165 M
1188 5112 1258 5166 22
1296 5112 1598 5167 uindicatae
1643 5111 1691 5166 Ο
1821 5113 2061 5168 facinora
2099 5112 2231 5166 deus
2269 5113 2502 5181 pirasset
2542 5113 2590 5167 C
2691 5114 2761 5170 25
2799 5131 2893 5168 no·

614 5198 739 5252 titia
775 5214 864 5252 sex
903 5197 1116 5269 plagas]
1156 5199 1382 5254 notitias
1421 5217 1481 5254 ex
1527 5201 1692 5271 plaga
1731 5200 1778 5253 Ο
1818 5202 2042 5256 notitias
2082 5217 2141 5256 ex
2179 5200 2371 5271 plagas
2409 5199 2482 5267 N,
2509 5201 2558 5256 G
2598 5205 2762 5267 (corr.
2799 5204 2898 5256 „02

617 5285 830 5356 plagis).
871 5288 1070 5340 notitia
1107 5303 1195 5340 aex
1235 5287 1362 5356 plag
1403 5293 1560 5353 (corr.
1600 5288 1810 5358 plagae)
1850 5291 1903 5343 Δ
