3275 6434
492 1498 620 1564 188
1274 1493 1476 1552 Liber
1510 1494 1974 1567 quaestionum

579 1692 639 1754 2.
679 1686 817 1768 Quo
856 1688 1043 1757 modo
1083 1707 1233 1774 ergo
1268 1693 1510 1772 patrem
1547 1689 1777 1755 habere
1811 1688 2074 1764 dicetur,
2108 1689 2218 1774 qui
2254 1693 2476 1756 auctor
2510 1689 2778 1755 sceleris

490 1795 628 1861 eius
668 1794 1015 1860 habeatur?
1061 1798 1176 1861 aut
1218 1793 1382 1860 unde
1428 1794 1735 1878 probatur
1777 1795 1855 1859 ab
1911 1794 2093 1861 initio
2147 1794 2468 1861 homicida
2520 1794 2774 1860 fuisse?

491 1899 605 1966 sed
633 1900 947 1984 scriptura
971 1899 1176 1980 illum,
1196 1899 1304 1982 qui
1323 1900 1461 1966 eius
1490 1900 1684 1966 suerit
1709 1899 2007 1979 imitator,
2032 1901 2281 1966 nomine
2310 1900 2449 1965 eius
2467 1899 2773 1984 appellat,

491 2009 584 2085 ιιι,
643 2004 793 2088 quia
846 2005 924 2071 ab
991 2023 1178 2090 opere
1234 2024 1458 2071 nomen
1525 2006 1790 2088 accepit,
1858 2005 2061 2070 omnis
2127 2005 2235 2088 qui
2298 2006 2539 2070 malum
2604 2024 2773 2089 opus

489 2111 713 2177 fecerit
774 2128 894 2176 non
957 2111 1248 2176 inmerito
1314 2110 1604 2176 diabolus
1659 2111 2033 2177 nominetur.
2098 2110 2380 2177 saluator
2442 2128 2590 2195 ergo
2647 2109 2770 2176 hoc

488 2219 630 2282 loco
694 2213 850 2282 'Cain
914 2215 1234 2283 diabolum
1298 2217 1666 2300 appellauit,
1730 2216 1881 2300 quia
1937 2235 2196 2300 operum
2257 2217 2394 2281 eius
2454 2216 2769 2281 aemulus,

490 2323 643 2389 dum
709 2322 953 2390 inuidet
1012 2324 1211 2399 fratri,
1270 2322 1681 2389 homicidium
1737 2323 2126 2407 perpetrauit
2182 2322 2536 2405 exemplum
2582 2322 2770 2386 relin-

491 2447 686 2510 quens
752 2427 1146 2494 crudelitatis
1209 2427 1552 2512 parricidii;
1611 2429 1784 2494 sicut
1836 2432 1903 2493 et
1947 2427 2260 2508 diabolus,
2315 2427 2465 2492 dum
2522 2425 2770 2492 inuidet

489 2533 728 2598 homini
775 2533 940 2600 sacto
988 2533 1066 2598 ad
1110 2533 1449 2618 imaginem
1496 2533 1620 2611 dei,
1667 2533 2126 2618 malignitatem
2164 2533 2371 2614 operis
2408 2533 2509 2598 sui
2547 2550 2769 2598 cumu-

488 2639 650 2704 lauit
692 2643 914 2723 typum
961 2638 1265 2722 praebens
1313 2640 1521 2704 errori.
1566 2639 1713 2704 hinc
1758 2639 1972 2721 itaque
2019 2638 2209 2704 etiam
2255 2637 2513 2703 mendax
2560 2638 2773 2703 extitit

491 2743 641 2812 Cain
688 2744 933 2809 dicente
979 2744 1103 2809 sibi
1138 2743 1287 2810 deo:
1326 2743 1454 2808 ubi
1501 2747 1620 2810 est
1655 2743 1841 2810 Abel
1888 2744 2123 2810 frater
2155 2743 2383 2809 tuus?
2421 2742 2528 2826 qui
2567 2743 2769 2824 patris

489 2851 589 2916 sui
617 2851 903 2916 imbutus
929 2849 1177 2916 malitia
1209 2850 1272 2914 in
1312 2849 1710 2916 mendacium
1746 2868 2182 2933 prorumpens:
2222 2849 2501 2926 nescio,
2536 2847 2770 2932 inquit,

489 2960 582 3036 ut,
640 2956 742 3022 cui
798 2955 995 3022 uitam
1054 2958 1415 3027 extorserat,
1474 2955 1585 3021 ubi
1642 2958 1808 3021 esset
1864 2955 2104 3020 nescire
2165 2973 2234 3020 se
2289 2954 2619 3019 simularet
2674 2952 2769 3018 sic

491 3062 699 3127 furore
755 3064 1069 3142 caecatus,
1123 3064 1197 3125 ιιι
1250 3060 1365 3127 deo
1421 3061 1514 3126 sic
1569 3059 1974 3143 responderet
2030 3059 2213 3142 quasi
2266 3059 2523 3138 homini,
2576 3077 2769 3141 quem

489 3169 743 3251 putaret
786 3185 854 3231 se
900 3185 1089 3250 posse
1134 3167 1358 3232 celare.

579 3274 641 3337 3.
703 3271 906 3355 Igitur
951 3271 1140 3336 huius
1187 3271 1538 3337 imitatores
1584 3272 1737 3336 facti
1783 3271 2000 3336 Iudaei
2058 3271 2247 3336 etiam
2301 3271 2511 3354 ipsum
2568 3269 2772 3335 domi·

491 3397 640 3444 num
672 3376 1057 3456 occiderunt,
1087 3375 1238 3444 Cain
1267 3377 1480 3460 potius
1515 3376 1897 3443 fratricidam
1933 3381 2176 3460 patrem
2213 3375 2498 3441 uolentes
2533 3375 2770 3441 habere

492 3502 680 3567 quam
728 3483 936 3560 deum,
993 3487 1068 3548 ut
1119 3484 1319 3549 totius
1374 3483 1702 3568 sanguinis
1758 3483 1945 3549 effusi
1997 3483 2089 3548 rei
2141 3482 2379 3548 fierent.
2440 3484 2769 3547 auctorem

492 3589 656 3654 enim
702 3588 873 3655 uitae
918 3589 1302 3671 perimentes
1347 3589 1547 3654 totius
1596 3589 1853 3654 sceleris
1898 3589 2215 3672 principes
2272 3588 2629 3663 extiterunt,
2677 3588 2769 3651 ita

489 3699 566 3761 ut
606 3693 756 3761 huic
802 3695 969 3760 malo
1017 3695 1210 3760 etiam
1262 3693 1428 3760 filios
1483 3713 1634 3760 suos
1691 3694 2047 3779 obligarent
2093 3694 2403 3759 dicentes:
2452 3694 2771 3776 sanguis
2809 3717 2839 3758 ι·

490 3799 655 3866 eius
704 3818 932 3883 super
977 3818 1110 3866 nos
1158 3802 1234 3865 et
1279 3819 1502 3885 super
1558 3799 1773 3866 filios
1829 3804 2151 3867 nostros.
2208 3805 2282 3864 ιιι
2335 3799 2501 3865 enim
2553 3798 2768 3865 Pilato

491 3905 832 3973 suaderent
876 3904 1035 3970 nihil
1081 3904 1232 3970 mali
1280 3902 1420 3971 esse
1468 3905 1637 3990 quod
1681 3905 2001 3988 petebant,
2047 3906 2111 3971 in
2159 3904 2325 3971 filios
2371 3922 2525 3971 suos
2571 3907 2771 3970 retor-

491 4011 669 4096 queri
723 4010 1033 4087 dixerunt‚
1089 4010 1143 4076 si
1199 4014 1371 4077 esset
1425 4012 1760 4090 iniustum,
1827 4014 1996 4095 quia,
2053 4016 2128 4078 ut
2181 4012 2376 4077 furori
2432 4030 2549 4077 suo
2606 4011 2769 4076 satis

492 4118 786 4197 facerent,
832 4135 949 4182 nec
993 4115 1142 4182 tiliis
1187 4117 1322 4183 suis
1368 4135 1620 4201 parcere
1668 4118 2027 4185 uoluerunt.

581 4225 639 4286 4.
684 4220 845 4286 Nam
897 4221 1040 4304 quia
1090 4221 1380 4287 diabolus
1427 4241 1550 4288 non
1597 4226 1821 4288 natura
1874 4222 2080 4289 malus
2136 4227 2255 4300 est,
2310 4222 2456 4287 hinc
2510 4220 2769 4286 facilius
2809 4247 2840 4286 ι·

490 4326 772 4407 discitur,
816 4325 967 4409 quia
1007 4344 1206 4408 poena
1252 4346 1373 4392 non
1418 4327 1891 4410 promitteretur
1926 4327 1984 4391 ei
2022 4328 2131 4410 qui
2170 4347 2288 4393 non
2325 4328 2558 4392 fecerat
2594 4325 2773 4409 quod

491 4432 814 4498 nescierat.
864 4431 1150 4514 iniquum
1197 4436 1297 4496 est
1343 4433 1507 4497 enim
1566 4433 1782 4517 punire
1843 4452 1985 4499 eum
2044 4434 2151 4515 qui
2206 4451 2325 4497 non
2383 4432 2536 4497 facit
2590 4432 2771 4496 aliud

674 4693 728 4744 11
777 4690 906 4746 Gen.
947 4694 998 4753 4,
1037 4693 1070 4744 9
1227 4691 1292 4744 12
1331 4689 1464 4745 Gen.
1503 4693 1553 4756 4,
1591 4692 1624 4742 9
1785 4691 1849 4743 18
1886 4689 1951 4744 cf.
1992 4691 2111 4744 Act.
2151 4690 2201 4751 3.
2242 4690 2309 4742 15
2458 4689 2528 4743 20
2564 4688 2771 4746 matth.

492 4779 579 4838 27.
618 4779 686 4833 25

226 4919 332 4988 des.
353 4918 464 4975 PG
567 4920 591 4972 l
634 4924 787 4990 patre
825 4918 935 4972 FB
1087 4918 1287 4972 dicitur
1322 4916 1438 4970 Nx
1542 4918 1575 4969 3
1612 4917 1861 4972 imitatur
1894 4917 2002 4971 FB
2153 4915 2358 4970 nomini
2394 4916 2515 4971 NF
2542 4915 2771 4970 homine

492 5012 673 5075 (corr.)
712 5007 761 5061 G
933 5006 967 5059 6
1007 5005 1166 5077 Cain]
1199 5020 1318 5060 cum
1358 5003 1466 5058 FB
1506 5033 1550 5053 ι.
1590 5006 1644 5058 Δ
1821 5004 1856 5059 8
1892 5003 2149 5075 parricidi
2186 5003 2244 5057 X
2399 5001 2602 5058 inuidit
2636 5002 2773 5056 MN

495 5094 565 5152 10
599 5096 810 5166 tippum
847 5098 1010 5164 (corr.
1047 5095 1246 5165 tipum)
1289 5092 1337 5147 0
1441 5092 1502 5147 11
1543 5091 1689 5162 patri
1726 5092 1802 5147 M
1915 5093 1979 5147 12
2018 5107 2399 5163 praerumpens
2437 5091 2495 5144 X
2601 5090 2669 5145 18
2704 5107 2771 5146 ae

489 5199 595 5238 om.
634 5184 683 5239 G
831 5184 899 5239 14
935 5186 1187 5238 caecatur
1222 5180 1281 5234 X
1423 5181 1488 5234 15
1523 5182 1715 5249 putare
1748 5179 1860 5235 FB
2003 5179 2071 5235 le
2104 5179 2293 5234 obuius
2326 5178 2399 5233 M
2538 5177 2607 5232 17
2646 5194 2765 5233 cam

489 5275 676 5340 (corr.)
701 5271 769 5326 N
810 5312 817 5319 .
853 5272 918 5326 19
954 5271 1294 5342 praementee
1326 5267 1374 5323 0
1457 5269 1528 5323 25
1564 5285 1604 5323 u
1638 5285 1748 5323 uon
1784 5268 1981 5338 incipit
2014 5282 2209 5323 rurus
2238 5267 2291 5322 0
2378 5266 2448 5322 26
2479 5265 2681 5322 dicitur
2708 5267 2774 5320 N

491 5359 789 5414 disceditur
822 5358 933 5413 PG
971 5358 1290 5413 discet-itur
1324 5359 1512 5426 (corr.)
1549 5357 1601 5411 A
1637 5356 1925 5412 disciditur
1961 5357 2013 5412 B
2118 5357 2184 5412 27
2225 5373 2421 5427 ponere
2462 5357 2510 5410 ί*

2830 2129 2864 2170 5

2812 2659 2867 2700 lu

2813 3187 2867 3228 1:-
