3275 6434
594 1495 720 1560 114
1385 1490 1582 1548 Liber
1619 1492 2083 1563 quaestionum

591 1686 691 1748 est
753 1683 947 1748 etiarn
1010 1700 1240 1767 uesper
1298 1685 1446 1766 post
1488 1682 1825 1749 sabbatum
1872 1718 1957 1730 —
2003 1682 2124 1749 hoc
2170 1687 2271 1749 est
2315 1684 2485 1768 quod
2528 1683 2785 1750 Iudaeis
2831 1704 2873 1749 a

591 1787 812 1873 Moyse
858 1791 1261 1873 praeceptum
1309 1790 1410 1867 est
1453 1788 1516 1853 in
1561 1788 1783 1874 figure,
1829 1791 1905 1855 ut
1948 1807 2212 1873 uespere
2256 1788 2562 1856 intrarent
2602 1790 2668 1855 in
2726 1790 2870 1856 sab-

592 1893 814 1960 batum
859 1930 968 1974 —‚
998 1893 1078 1958 ·in
1142 1912 1268 1977 quo
1315 1892 1610 1960 dominus
1657 1894 2016 1972 resurrexit,
2065 1894 2175 1979 qni
2222 1895 2646 1979 conplectitur
2699 1894 2870 1961 diem

595 1998 1001 2077 dominicum,
1057 1999 1207 2083 quis
1250 2017 1368 2065 nox
1411 2017 1535 2065 non
1581 1999 1911 2085 inputatur
1965 2000 2100 2066 sine
2147 2001 2250 2066 die
2295 2019 2494 2084 neque
2543 2000 2681 2066 dies
2729 2001 2867 2067 sine

595 2109 796 2172 nocte.
860 2104 979 2172 hac
1039 2105 1278 2170 ratione
1341 2107 1490 2189 post
1549 2109 1680 2172 tres
1746 2104 1880 2171 dies
1946 2108 2015 2171 et
2083 2110 2211 2172 tres
2284 2110 2502 2172 noctes
2568 2106 2866 2173 dominus
2930 2122 2960 2166 s

595 2209 949 2276 resurrexit.

598 2489 782 2558 va.
821 2488 898 2556 81
926 2486 1098 2556 UNO
1137 2486 1301 2555 ΟΒΕ
1339 2488 1442 2555 ΕΤ
1479 2486 1846 2555 RATIONE
1888 2488 2523 2558 EUANGELISTAE
2563 2488 2873 2558 LOCUTI

600 2594 839 2672 SUNT,
888 2592 1058 2674 QUO
1105 2593 1348 2661 MODO
1395 2594 1739 2663 FACTL’M
1794 2594 1944 2663 EST
1992 2595 2102 2662 UT
2149 2595 2450 2663 TRIBUS
2499 2595 2875 2664 DICENTI·

601 2701 785 2781 Rus,
813 2699 903 2766 ID
935 2699 1085 2768 EST
1112 2699 1482 2779 ΜΑΤΗΕΟ,
1510 2699 1732 2768 LUCA
1770 2701 1872 2767 ET
1909 2689 2311 2779 ῙΟΗΑΝΝΕ,
2352 2700 2560 2782 QUIA
2597 2700 2870 2768 SEXTA

600 2804 834 2873 HORA
862 2803 1115 2872 CBUCI
1143 2803 1394 2871 FIXUS
1432 2803 1584 2872 EST
1614 2803 2021 2884 DOMINU&
2053 2805 2395 2874 MARCUS
2423 2805 2474 2872 Ε
2504 2804 2871 2873 DIL’ERSO
2911 2820 2969 2864 ¹0

691 2910 996 2977 TERTIA
1033 2908 1266 2977 HORA
1305 2909 1556 2977 CRUCI
1592 2909 1865 2978 FIXUM
1904 2909 2155 2978 DICAT
2194 2910 2796 2978 SALUATOREM?

696 3072 756 3135 1.
787 3068 1092 3135 Obscuris
1128 3088 1279 3134 uera
1313 3070 1638 3134 inuoluere
1676 3087 1795 3134 non
1834 3074 1935 3134 est
1969 3070 2225 3136 bonum.
2263 3088 2405 3134 nam
2442 3073 2572 3134 tres
2609 3087 2878 3152 euange-

602 3175 790 3242 listae
834 3195 1031 3241 unum
1077 3192 1332 3240 sensum
1386 3173 1761 3250 habuerunt,
1815 3175 2068 3239 Marcus
2124 3179 2336 3239 autem
2390 3193 2544 3251 rem,
2592 3193 2753 3257 quae
2800 3175 2878 3238 ab

603 3281 751 3347 istis
803 3275 1255 3364 breetermisse
1305 3280 1529 3357 fuerat,
1577 3279 1785 3345 uoluit
1827 3279 2120 3344 intimare
2176 3279 2383 3345 sciens
2436 3281 2878 3345 necessariam.

610 3405 725 3453 nec
771 3387 935 3453 enirn
980 3387 1116 3452 falli
1161 3392 1398 3471 posset,
1446 3387 1555 3470 qui
1602 3390 1929 3451 auctorum
1968 3386 2254 3469 exempla
2288 3389 2547 3451 secutus
2593 3404 2664 3451 ea
2712 3402 2876 3468 quae
2914 3399 2969 3443 ιι

611 3493 868 3577 scripsit
936 3510 1163 3577 magns
1235 3491 1568 3557 deuotione
1639 3494 1705 3556 et
1778 3491 2089 3556 industria
2151 3491 2377 3556 didicit
2440 3495 2505 3555 et
2565 3508 2680 3555 nec
2746 3491 2883 3555 sine

612 3603 829 3665 sancto
877 3599 1103 3683 spiritu
1151 3597 1292 3665 fuit.
1343 3598 1494 3680 quid
1539 3616 1687 3682 ergo
1734 3616 1805 3662 ex
1860 3596 1979 3662 hoc
2025 3596 2353 3662 ostendere
2406 3595 2637 3673 uoluit,
2695 3595 2887 3661 debet

612 3704 880 3772 absolui.
945 3704 1371 3770 contuendum
1436 3703 1651 3786 itaque
1715 3707 1835 3778 est,
1898 3704 2046 3787 quis
2108 3720 2229 3768 non
2296 3721 2332 3767 a
2385 3702 2612 3778 Pilato,
2670 3702 2786 3768 sed
2850 3719 2888 3765 a

615 3810 865 3879 Iudaeis
938 3811 1220 3875 salustor
1289 3809 1458 3875 cruci
1520 3808 1679 3874 fixus
1744 3811 1858 3873 est.
1921 3813 2225 3892 quantum
2289 3815 2502 3874 sutem
2566 3808 2648 3873 nd
2707 3806 2888 3891 leges

613 3917 928 3984 Romanas
974 3915 1294 4000 pertinuit,
1331 3915 1725 3980 innocentem
1763 3913 2328 3998 pronuntiauerunt
2362 3916 2764 3980 saluatorem.
2799 3912 2891 3978 ait
2921 3927 2977 3971 so

617 4022 783 4090 enim
828 4022 1075 4088 Pilatus
1111 4020 1393 4087 Iudaeist
1435 4039 1577 4106 ego
1615 4019 1918 4085 nullam
1959 4019 2285 4086 inuenio
2325 4036 2641 4085 causam
2683 4019 2759 4083 in
2798 4036 2887 4084 eo

618 4132 683 4193 et
727 4127 1082 4194 dicentibus
1128 4127 1246 4192 eis:
1294 4126 1514 4193 cruci
1567 4126 1738 4211 fige
1793 4144 1982 4201 eum,
2036 4124 2387 4209 respondit:
2436 4122 2626 4206 quid
2680 4125 2886 4188 enim

619 4234 808 4298 mali
873 4234 1117 4298 fecit?
1171 4232 1439 4315 denique
1493 4234 1839 4316 persistens
1896 4236 1961 4296 et
2013 4230 2234 4296 uolens
2290 4230 2552 4295 educere
2610 4231 2757 4295 eum
2811 4228 2890 4294 de

619 4338 913 4405 menibus
976 4357 1216 4416 eorum,
1281 4339 1657 4404 calumniam
1730 4355 1959 4420 pessus
2031 4339 2131 4402 est
2201 4335 2559 4400 dicentibus
2624 4334 2748 4400 eis:
2824 4334 2890 4399 si

620 4445 826 4510 hunc
873 4445 1257 4520 dimittis,
1305 4461 1451 4508 non
1491 4461 1571 4507 es
1610 4444 1917 4508 amicus
1958 4441 2348 4509 Caesaris.
2390 4441 2643 4506 omnis
2682 4440 2888 4505 enim
2924 4453 2976 4496 2⁵

804 4739 838 4793 2
875 4739 943 4794 cf.
981 4737 1108 4793 Len.
1144 4738 1232 4801 23.
1269 4739 1339 4793 32
1473 4738 1507 4791 9
1545 4737 1609 4791 cs.
1649 4735 1846 4791 Matth.
1882 4736 1970 4824 27,
2005 4737 2094 4790 45).
2132 4733 2260 4789 Luc.
2299 4733 2385 4800 23,
2422 4734 2511 4788 44.
2546 4731 2661 4786 Iob.
2707 4733 2789 4799 19,
2828 4734 2896 4787 14

631 4826 697 4881 10
732 4825 898 4882 Marc.
938 4828 1022 4894 15,
1057 4827 1127 4881 25
1234 4827 1304 4881 22
1341 4825 1456 4882 lob.
1497 4825 1580 4890 18,
1617 4825 1703 4880 38.
1745 4825 1828 4889 19,
1862 4825 1914 4880 4.
1953 4825 1987 4878 6
2026 4829 2127 4879 ete.
2254 4821 2466 4877 231011.
2498 4820 2582 4888 19,
2611 4822 2661 4875 6.
2701 4821 2897 4876 nuth.

629 4915 716 4983 27,
753 4915 839 4970 23.
877 4914 1038 4969 Marc.
1082 4915 1164 4978 15,
1204 4916 1287 4969 14.
1324 4913 1450 4968 Luc.
1487 4914 1575 4979 28,
1613 4912 1683 4968 22
1789 4914 1860 4968 25
1896 4913 2012 4968 Iob.
2055 4912 2137 4975 19.
2179 4911 2243 4966 12

451 5077 559 5144 des·
584 5076 638 5130 Ρ
708 5087 776 5143 10
820 5088 1121 5143 cruci-fixus
1165 5086 1238 5141 M
1417 5086 1482 5141 12
1527 5084 1799 5140 obsecutis
1835 5085 1911 5139 M
2082 5086 2233 5155 uere]
2279 5084 2415 5138 false
2466 5083 2516 5138 0
2563 5099 2692 5138 uera
2738 5086 2902 5149 (corr.

629 5175 784 5245 falsa)
821 5177 876 5230 A
995 5175 1078 5231 ‚13
1112 5175 1379 5229 abuerunt
1413 5174 1486 5229 M
1618 5173 1684 5226 14
1720 5172 1936 5227 fuerant
1977 5171 2083 5227 ΕΑ
2223 5171 2438 5226 imitare
2477 5171 2536 5224 X
2673 5172 2739 5225 15
2775 5187 2903 5225 auc·

631 5274 803 5318 rorem
840 5263 901 5316 Χ
1073 5262 1273 5317 secutis
1303 5263 1493 5330 (corr.)
1515 5259 1589 5315 M
1733 5259 1799 5315 16
1827 5276 2019 5330 meg-ue
2052 5260 2099 5314 G
2242 5260 2305 5314 17
2333 5259 2530 5329 spiritu
2567 5262 2755 5314 sancto
2797 5257 2907 5314 GA

630 5350 701 5405 ‘23
736 5350 875 5405 male
909 5350 984 5406 M
1016 5351 1219 5421 (corn),
1258 5348 1413 5404 0100
1556 5348 1805 5419 educere]
1845 5364 1903 5402 se
1940 5351 2100 5416 (corr.
2137 5350 2188 5413 e)
2225 5344 2418 5401 ducere
2460 5346 2508 5400 C
