3275 6434
1109 1441 1261 1515 Gap.
1296 1442 1491 1499 Lxxx
1528 1440 1872 1499 1-Lxx11.
2493 1446 2625 1535 4⁹75

335 1637 531 1704 deum
576 1637 726 1704 diei.
770 1639 910 1704 siue
956 1638 1123 1703 enim
1173 1636 1355 1717 deus,
1401 1638 1564 1714 siue,
1611 1637 1782 1721 quod
1838 1637 1916 1702 de
1971 1636 2089 1703 deo
2135 1640 2255 1714 est,
2303 1655 2469 1702 unus
2525 1641 2627 1702 est

336 1743 522 1809 deus.
566 1743 727 1811 nihil
762 1743 931 1809 enim
967 1743 1194 1828 utique
1230 1743 1430 1809 distat
1464 1744 1630 1809 inter
1671 1742 1862 1809 deum
1910 1747 1977 1810 et
2014 1743 2185 1826 quod
2220 1742 2299 1808 de
2336 1742 2454 1808 deo
2493 1746 2622 1817 est:

337 1853 444 1916 est
485 1850 653 1916 enim
698 1849 876 1916 alter.
916 1849 1056 1933 ipse
1112 1849 1281 1915 enim
1341 1850 1504 1915 alter
1556 1853 1817 1933 propter
1866 1866 2218 1934 personam,
2273 1866 2399 1932 qua
2453 1846 2624 1914 filius

334 1959 760 2038 nunoupatur‚
805 1955 943 2039 ipse
986 1972 1141 2021 uero
1185 1954 1354 2020 idem
1410 1959 1674 2040 propter
1714 1955 2028 2021 unitatem
2079 1954 2496 2021 substantiae.
2544 1972 2622 2019 ne

264 2080 301 2125 s
335 2060 833 2144 reprehensibile
859 2061 1154 2127 uideatur
1180 2060 1725 2144 quia‘personam'
1751 2060 1910 2144 dixi;
1939 2061 2150 2127 solent
2174 2060 2339 2126 enim
2369 2058 2624 2143 quidam

337 2166 635 2244 abnuere,
663 2166 778 2233 sed
803 2166 1179 2251 ⁴apostolum
1215 2185 1558 2251 sequamur
1592 2168 1703 2252 qui
1740 2167 1860 2234 ait:
1899 2186 2061 2232 nam
2101 2185 2191 2250 qu
2207 2165 2296 2232 od
2334 2165 2626 2244 donaui,

340 2272 408 2337 si
455 2272 634 2356 quid
681 2271 978 2349 domui,
1025 2276 1341 2357 propter
1386 2291 1517 2341 uos
1563 2274 1637 2339 in
1682 2291 2006 2357 persona
2053 2270 2365 2339 Christi.

233 2536 242 2586 υ
337 2514 621 2581 mxl.
682 2514 1140 2594 asponon,
1200 2515 1384 2583 cm
1435 2516 1534 2583 sn
1589 2515 2044 2584 nselmum
2100 2515 2467 2582 monum
2521 2514 2626 2580 ET

335 2619 552 2688 Posi·
594 2622 975 2692 Tum-um
1018 2622 1233 2689 mnu
1274 2621 2035 2701 ΒεεσΒΒεοτυΒυΜ,
2075 2600 2455 2689 ‘Amnem
2502 2620 2625 2686 ‘m

239 2751 303 2797 ιο
337 2726 798 2810 POSTQUAM
827 2726 1465 2808 Rnsmexmzo,
1509 2727 2026 2816 minonem
2061 2726 2226 2795 uos
2271 2726 2364 2793 m
2402 2725 2625 2794 eiu·

336 2833 600 2907 Lnauz
646 2833 769 2900 1131
812 2833 935 2900 ue
983 2833 1449 2902 monumen
1497 2834 1603 2899 m·
1659 2832 2053 2901 memus
2106 2831 2627 2901 Momnmssus

338 2938 789 3011 smmum
862 2938 1047 3008 cun
1105 2938 1638 3007 mummium
1700 2939 1757 3005 A
1828 2938 2350 3007 moneamus
2413 2938 2520 3003 ET
2572 2937 2626 3004 A

608 3043 1078 3113 msctpuus
1125 3044 1313 3113 suls
1360 3043 1611 3113 meus
1657 3044 1754 3111 m
1797 3043 2369 3113 menesatem.

434 3186 643 3254 Uerba
685 3186 1024 3253 saluatoris
1067 3189 1409 3253 retractare
1463 3185 1741 3253 infidelis
1798 3189 1917 3265 est,
1973 3186 2088 3252 sed
2142 3192 2207 3252 te
2261 3184 2448 3252 uideo
2506 3202 2626 3250 non

245 3319 305 3362 u
340 3290 421 3357 de
448 3290 664 3358 uerbis
699 3292 1039 3358 saluatoris
1076 3291 1386 3372 dubitare,
1422 3292 1536 3358 sed
1574 3309 1834 3357 sensum
1868 3291 2207 3375 requirere,
2239 3310 2450 3376 quare,
2479 3309 2624 3357 oum

341 3399 404 3463 in
441 3397 907 3482 Hierosolymis
941 3401 1093 3482 poet
1116 3400 1477 3482 passionem
1505 3417 1688 3464 suam
1721 3399 1902 3464 uisus
1932 3398 2040 3477 sit,
2071 3397 2228 3462 dixit
2256 3416 2324 3463 ee
2361 3397 2423 3462 in
2457 3395 2629 3464 Gali·

340 3502 444 3568 lea
470 3503 550 3568 ab
578 3502 680 3569 his
705 3502 932 3570 uideri.
962 3522 1108 3570 oum
1125 3502 1193 3570 in
1218 3502 1665 3589 Hierosolyma
1696 3504 1876 3570 uisus
1904 3506 2026 3582 eet,
2065 3501 2179 3569 sed
2196 3502 2626 3586 particulatim

344 3610 423 3674 ad
451 3608 823 3675 recreandos
850 3607 1097 3675 animos
1126 3608 1609 3695 discipulorum,
1646 3609 1709 3674 in
1742 3607 1990 3676 Galilea
2026 3627 2179 3675 uero
2216 3608 2294 3673 ab
2333 3608 2628 3674 omnibus

343 3713 563 3791 simul,
608 3732 759 3800 ergo
808 3714 918 3799 qui
962 3715 1026 3780 in
1073 3713 1476 3782 Hierusalem
1523 3715 1729 3781 uisuri
1774 3714 1960 3780 illum
2007 3716 2185 3780 erant
2228 3732 2340 3798 per
2393 3717 2628 3797 partes,

250 3845 310 3893 an
343 3821 408 3887 in
459 3819 708 3888 Galilea
759 3819 892 3887 illis
947 3821 1304 3896 constituit,
1360 3825 1436 3888 ut
1490 3813 1688 3887 siniul
1733 3821 2027 3888 omnibus
2076 3827 2404 3905 appareret
2448 3823 2512 3885 et
2550 3818 2629 3885 ad

343 3926 753 3993 ordinandam
800 3925 1203 4012 disciplinam
1250 3926 1429 3993 daret
1472 3930 1829 4012 praecepta.

521 4167 558 4224 6
593 4165 651 4222 11
685 4165 809 4224 Cor.
844 4166 900 4232 2.
940 4167 1007 4222 10
1193 4167 1227 4221 8
1265 4165 1334 4222 ef.
1371 4165 1573 4225 uatth.
1611 4168 1698 4232 17,
1732 4167 1803 4222 23
1842 4170 1945 4222 etc.
2126 4167 2162 4222 9
2198 4165 2394 4222 nath.
2432 4166 2521 4236 26,
2558 4168 2628 4221 82

348 4255 411 4311 11
462 4253 531 4310 ef.
577 4254 780 4310 lattin-
821 4254 912 4319 28,
959 4255 991 4309 7
1174 4254 1240 4311 12
1288 4260 1357 4312 of.
1402 4253 1603 4311 nauh.
1650 4254 1739 4325 28,
1773 4256 1828 4311 9.
1875 4254 2003 4311 Luc.
2040 4255 2129 4319 24,
2161 4256 2255 4321 15.
2293 4255 2383 4310 34.
2419 4254 2489 4310 36
2526 4257 2630 4310 etr.

343 4344 418 4400 20
454 4342 524 4399 d.
560 4342 680 4399 loli.
715 4343 806 4413 20,
845 4344 873 4400 1
912 4359 1034 4415 sqq.

416 4483 456 4540 8
491 4487 579 4540 est
619 4484 765 4541 enim
811 4484 966 4540 alter.
1012 4485 1132 4557 ipse
1181 4487 1324 4540 enim
1371 4484 1534 4556 alter]
1580 4489 1688 4554 (nl
1721 4487 1787 4540 in
1817 4501 1932 4541 ras.
1976 4485 2100 4540 Non
2149 4488 2236 4540 est
2279 4485 2424 4540 enim
2469 4484 2630 4549 alter>

344 4571 448 4629 sed
483 4573 625 4629 alius
658 4572 727 4629 K
899 4572 1028 4645 qua]
1067 4574 1199 4645 quia
1230 4573 1292 4629 D
1429 4576 1468 4630 4
1502 4574 1622 4645 ipse
1659 4589 1764 4628 ost.
1802 4573 1869 4629 K
2041 4571 2186 4628 idem
2225 4589 2354 4629 uero
2390 4572 2457 4627 K
2487 4573 2631 4628 idem

344 4677 456 4718 on.
493 4678 533 4717 a
655 4662 691 4717 5
726 4663 889 4733 enim}
927 4661 1058 4718 odd.
1094 4662 1201 4719 hoo
1236 4677 1274 4717 a
1416 4661 1657 4732 quidam]
1694 4661 1827 4717 add.
1863 4661 1970 4718 hoo
2002 4662 2068 4718 Κ
2190 4663 2224 4718 6
2259 4663 2537 4733 sequimur
2570 4660 2637 4716 K

347 4751 382 4805 7
420 4765 706 4821 personam
741 4749 844 4805 Da
969 4750 1034 4804 12
1072 4750 1212 4820 oum]
1250 4749 1383 4806 aaa.
1417 4756 1601 4805 tamen
1633 4767 1671 4804 a
1781 4750 2027 4806 18·uisus
2062 4766 2165 4805 on.
2205 4767 2243 4804 a
2371 4751 2436 4805 15
2475 4750 2630 4804 dubi-

344 4839 458 4895 tari
492 4838 555 4894 D
698 4839 766 4896 le
801 4838 1053 4911 galileam
1089 4838 1152 4894 D
1187 4837 1486 4895 Galilaeam
1521 4838 1594 4908 (9)
1632 4856 1670 4893 a
1814 4840 1879 4894 17
1918 4855 2038 4895 eum
2072 4855 2175 4895 ont.
2213 4829 2315 4893 Ka
2455 4839 2633 4894 ihero-

346 4927 599 4984 solimam
637 4929 698 4983 D
868 4927 937 4984 18
972 4928 1227 4998 galileam
1261 4925 1388 4983 DX
1561 4927 1828 4983 omnibus.
1865 4927 2041 4983 Simul
2075 4926 2202 4982 ΒΚ
2374 4928 2445 4983 20
2483 4925 2634 4982 Gali-

345 5017 526 5071 laeam
565 5031 605 5070 a
