3275 6434
472 1575 601 1642 164
1259 1571 1456 1628 Liber
1492 1572 1953 1643 quaestionum

467 1765 879 1832 tenueritis
924 1768 1273 1851 peccata‚·
1314 1765 1809 1842 tenebuntur3
1870 1766 1933 1832 si
1992 1767 2209 1832 cuius
2264 1767 2756 1845 remiseritis,

466 1873 957 1938 remittentur
1018 1871 1148 1937 eis.
1213 1870 1544 1954 inspiratio
1609 1888 1761 1956 ergo
1828 1871 1982 1938 haec
2028 1873 2230 1956 gratia
2285 1871 2593 1955 quaedam
2653 1877 2752 1938 est

467 1994 630 2062 quae
674 1995 789 2062 per
820 1976 1226 2043 traditionem
1261 1975 1618 2042 infunditur
1664 1976 1992 2054 ordinatis,
2038 1997 2152 2061 per
2196 1997 2385 2061 quam
2434 1997 2752 2044 commen·

469 2082 744 2149 datiores
780 2080 1147 2148 habeantur.
1196 2081 1363 2146 unde
1408 2083 1740 2165 apostolus
1791 2082 1945 2147 dicit
1982 2082 2061 2147 ad
2097 2082 2529 2149 Timotheum:
2570 2085 2750 2159 noli,

465 2188 697 2273 inquit,
754 2186 1163 2273 neglegere
1218 2189 1539 2272 gratiam
1599 2205 1785 2270 quae
1851 2193 1969 2254 est
2031 2187 2100 2252 in
2165 2192 2261 2266 te,
2326 2208 2512 2271 qnae
2579 2189 2753 2255 data
2814 2209 2845 2247 f·

468 2296 588 2360 est
648 2291 796 2359 tibi
849 2310 979 2376 per
1029 2291 1572 2377 inpositionem
1627 2311 1972 2358 manuum
2027 2293 2498 2376 presbiterii.
2555 2295 2756 2361 semel

467 2417 620 2486 ergo
663 2397 801 2464 fieri
845 2397 1146 2482 oportuit,
1199 2401 1275 2462 ut
1328 2397 1404 2462 de
1461 2402 1671 2465 cetero
1732 2397 1989 2464 traditio
2042 2398 2170 2464 ista
2228 2419 2349 2466 non
2407 2401 2542 2466 sine
2588 2400 2753 2466 dono

468 2497 733 2589 spiritus
777 2499 981 2569 sancti
1027 2520 1168 2568 esse
1215 2500 1588 2569 crederetur.
1650 2502 1822 2568 sicut
1864 2504 2030 2569 enim
2077 2504 2139 2569 in
2187 2506 2505 2570 saluatore
2550 2507 2756 2570 forma

469 2609 619 2676 data
652 2611 757 2674 cst
787 2607 1150 2685 nisibiliter‚
1189 2611 1264 2674 ut
1298 2612 1446 2693 post
1479 2608 1869 2691 baptismum
1911 2609 2173 2692 spiritus
2211 2613 2471 2675 sanctus
2500 2606 2755 2675 creden·

468 2714 648 2783 tibus
703 2713 782 2781 de
836 2717 1048 2781 cetero
1101 2713 1509 2780 inuisibiliter
1553 2712 1686 2779 dari
1742 2733 1865 2780 non
1922 2715 2367 2800 ambigeretur,
2422 2717 2513 2780 ita
2568 2720 2635 2780 et
2691 2716 2754 2780 in
2792 2736 2844 2778 w

468 2839 664 2906 supra
698 2821 871 2887 dicta
907 2838 1104 2886 canu
1124 2819 1338 2887 -t'orma
1375 2819 1521 2887 data
1548 2820 1737 2886 estin
1765 2819 2097 2904 principio,
2127 2825 2298 2887 ut·ex
2328 2840 2401 2887 eo
2428 2821 2758 2888 traditioni

470 2925 944 2995 ecclesiasticae
972 2926 1236 3009 spiritus
1263 2930 1524 2993 sanctus
1543 2926 1795 2992 infusus
1815 2925 2124 2992 credatur.
2154 2931 2229 2991 ιιι
2246 2929 2460 2993 antem
2481 2923 2756 3010 apostoli

469 3034 801 3117 praesente
844 3030 1100 3098 domino
1144 3031 1419 3098 uirtutes
1465 3031 1762 3110 facerent,
1809 3036 2093 3115 potestas
2141 3031 2288 3098 data
2326 3036 2445 3112 est,
2485 3033 2656 3098 sicut
2692 3039 2755 3097 et

468 3138 648 3224 prius
692 3138 978 3222 profetis.

561 3246 625 3310 3.
687 3243 906 3309 Trium
963 3262 1112 3329 ergo
1169 3243 1520 3310 officiorum
1576 3243 1815 3310 formae
1873 3243 2056 3308 donis
2110 3244 2372 3328 spiritus
2429 3243 2633 3309 sancti
2688 3243 2752 3308 in
2792 3263 2845 3307 ιε

471 3348 782 3434 apostolis
845 3354 998 3416 sunt
1058 3352 1374 3427 ostensae,
1439 3368 1704 3434 quarum
1767 3351 1970 3434 prima
2030 3350 2185 3416 haec
2244 3355 2364 3427 est,
2436 3368 2597 3432 qnae
2671 3350 2751 3414 ad

469 3454 577 3522 ius
612 3455 1120 3522 ecclesiasticum
1155 3455 1430 3540 pertinet
1471 3457 1534 3521 in
1579 3457 2019 3542 regenerandis
2067 3458 2171 3523 uel
2217 3457 2444 3524 ceteris
2491 3455 2750 3527 officiis;

470 3559 772 3641 secunda,
846 3579 1007 3645 quae
1077 3561 1140 3625 in
1203 3565 1566 3644 pentecoste
1639 3562 1787 3627 data
1868 3569 1986 3637 est,
2071 3582 2232 3645 qnae
2314 3567 2414 3628 est
2493 3580 2752 3648 genera·

469 3665 556 3734 lis
600 3703 689 3716 —
733 3685 857 3733 non
915 3666 1125 3733 solum
1180 3666 1347 3732 enim
1402 3669 1467 3733 in
1514 3668 1859 3751 apostolos,
1912 3687 2133 3734 nerum
2182 3669 2372 3734 etiam
2418 3668 2484 3733 in
2530 3686 2751 3733 omnes

472 3769 714 3838 decidit
763 3771 1028 3857 spiritus
1082 3776 1343 3839 sanctus
1397 3772 1722 3840 credentes
1771 3797 1884 3849 —3
1931 3775 2118 3839 tertia
2171 3773 2372 3838 forma
2425 3778 2544 3853 est,
2589 3793 2749 3857 qnae
2783 3791 2838 3836 zo

473 3875 630 3943 solis
675 3877 986 3961 apostolis
1039 3878 1146 3945 nel
1200 3877 1502 3944 ordinatis
1552 3879 1740 3945 initio
1796 3883 1896 3969 est
1950 3898 2246 3945 concessa
2302 3881 2363 3945 in
2421 3879 2623 3964 signis
2680 3897 2752 3945 ac

474 3980 825 4048 uirtutibus
887 3982 1214 4063 faciendis,
1278 4003 1484 4068 nsque
1556 3984 1708 4050 dum
1772 3984 1921 4051 fidei
1975 3986 2216 4051 semina
2268 3986 2618 4051 iacerentur
2672 3986 2749 4049 ad

473 4089 881 4155 crementum.
907 4090 1150 4156 semina
1175 4091 1342 4156 enim
1369 4089 1516 4156 fidei
1545 4095 1697 4157 sunt
1724 4091 1996 4157 uirtutes
2023 4110 2134 4174 per
2170 4090 2489 4174 apostolos
2526 4091 2749 4157 factae.

472 4194 601 4278 ipsi
645 4195 812 4261 enim
856 4194 1173 4263 antistites
1216 4196 1411 4280 positi
1456 4201 1609 4262 sunt
1653 4197 1844 4262 huius
1900 4196 2070 4262 modi
2117 4197 2428 4275 ueritatis,
2476 4197 2587 4281 qni
2642 4216 2752 4281 per

476 4300 661 4384 signa
730 4304 795 4366 et
865 4299 1152 4387 prodigia
1219 4319 1341 4367 non
1413 4301 1913 4367 inrationabilem
1989 4322 2129 4368 esse
2200 4304 2386 4368 fidem
2469 4307 2746 4368 nostram
2782 4324 2839 4365 τε.

475 4389 878 4473 testarentur.
942 4406 1120 4473 nulla
1189 4407 1355 4473 enim
1425 4407 1626 4473 maior
1696 4407 1982 4490 probatio
2057 4413 2157 4474 est
2225 4409 2515 4474 ueritatis
2563 4427 2749 4492 quam

475 4509 703 4577 uirtus.
727 4510 887 4578 haec
913 4516 1016 4578 est
1049 4512 1215 4579 enim
1262 4531 1422 4595 quae
1462 4531 1709 4578 omnem
1748 4519 2054 4580 terrenam
2100 4514 2431 4580 filosofiam
2471 4520 2751 4588 accusat,

479 4615 627 4697 quia
689 4632 938 4700 semper
996 4615 1152 4682 solis
1226 4616 1438 4684 uerbis
1502 4617 1752 4683 studuit
1824 4637 1943 4684 non
2010 4619 2246 4684 habens
2315 4619 2751 4686 testimonium

480 4719 761 4798 uirtutis,
835 4740 960 4804 qua
1032 4721 1263 4788 stabile
1336 4741 1498 4801 esse,
1572 4725 1741 4807 quod
1824 4725 2036 4790 uerbis
2120 4725 2517 4791 adstructum
2601 4731 2753 4791 erat.

481 4823 959 4892 demonstraret.
1004 4827 1206 4912 igitur
1248 4829 1511 4910 spiritus
1566 4833 1823 4895 sanctus
1881 4833 2255 4915 generaliter
2308 4833 2503 4896 semel
2569 4831 2755 4896 datur
2787 4851 2845 4896 au

656 4981 693 5035 4
729 4980 756 5035 1
793 4980 931 5038 Tim.
968 4983 1021 5046 4,
1062 4983 1128 5037 14

307 5089 495 5160 def?
553 5086 590 5141 2
625 5085 978 5141 remittuntur
1001 5084 1115 5142 Fo
1223 5087 1255 5140 7
1291 5087 1411 5143 nin·
1446 5085 1608 5157 dono}
1645 5087 1836 5142 sinodo
1863 5087 1927 5142 N
2031 5088 2099 5144 10
2135 5089 2210 5160 et]
2255 5114 2305 5141 a·
2339 5089 2412 5144 Π
2510 5091 2577 5144 13
2616 5091 2758 5144 secc-

486 5176 611 5228 rent
642 5172 717 5228 Π
852 5174 1023 5229 siccut
1054 5173 1126 5229 Π
1215 5176 1281 5230 15
1318 5172 1447 5229 doni
1483 5174 1594 5228 ΝΧ
1723 5174 1788 5229 18
1824 5179 2176 5244 pentecosten
2211 5177 2331 5231 Nx
2444 5178 2516 5232 20
2552 5175 2761 5232 dedicit

490 5262 650 5321 (corr.
676 5261 794 5327 aa)
820 5259 893 5314 Μ
967 5260 1034 5315 21
1076 5261 1283 5316 ornatis
1305 5261 1382 5316 M
1453 5261 1525 5316 22
1552 5261 1759 5316 aomina
1795 5262 1955 5332 (cm.
1982 5267 2077 5318 »⁸2
2103 5267 2309 5325 acmen)
2334 5263 2408 5317 M
2472 5263 2543 5318 24
2568 5263 2763 5318 mundi

489 5346 566 5401 M
666 5348 736 5402 20
769 5347 965 5416 maior]
1000 5347 1171 5403 maior
1205 5352 1292 5404 eat
1325 5347 1435 5417 (eat
1467 5350 1628 5415 eras.)
1666 5347 1731 5402 N
1847 5348 1919 5404 28
1953 5350 2182 5421 semper]
2222 5365 2309 5405 se·
2336 5350 2397 5404 N
2518 5351 2592 5404 29
2629 5351 2769 5422 qua}

497 5448 636 5504 quae
677 5430 838 5488 ONX
941 5433 1010 5489 80
1045 5432 1409 5490 demonstrare
1445 5435 1553 5489 FB
