3275 6434
463 1452 593 1516 278
1260 1446 1456 1503 Liber
1491 1447 1960 1518 quaestionum

465 1639 544 1705 de
589 1657 716 1721 quo
769 1637 926 1703 dicit
978 1638 1252 1721 profeta:
1299 1640 1374 1702 et
1425 1655 1610 1719 puer
1673 1655 1880 1703 meua
1935 1635 2181 1702 Dauid
2233 1637 2487 1720 paaoit
2540 1636 2739 1704 illos.

466 1743 669 1826 prima
731 1746 944 1809 autem
999 1742 1248 1809 sabbati
1311 1742 1514 1826 prima
1569 1741 1725 1807 feria
1779 1750 1895 1808 est.
1964 1745 2115 1825 post
2172 1742 2510 1808 sabbatum
2576 1743 2738 1808 onim

468 1849 709 1930 primus
767 1848 903 1914 dies
959 1847 1316 1915 dominicus
1372 1852 1474 1914 est
1524 1848 1899 1915 adfirmante
1950 1848 2281 1933 euangelio
2336 1854 2404 1914 et
2458 1848 2737 1914 dicento:

471 1954 706 2039 prima
748 1958 997 2020 autem
1045 1953 1342 2021 sabbati
1379 1954 1591 2020 uenit
1627 1953 1866 2019 Maria
1908 1953 2354 2039 magdalene
2391 1959 2467 2019 et
2501 1955 2739 2020 altera

468 2060 705 2127 Maria
763 2059 849 2126 ad
907 2060 1358 2143 sepulerum,
1414 2063 1482 2125 et
1525 2062 1753 2124 cetera.
1797 2060 1863 2124 in
1911 2059 2223 2126 dominico
2270 2077 2421 2145 ergo
2468 2059 2574 2125 die
2620 2061 2735 2126 sal·
2789 2078 2816 2123 ο

469 2166 708 2232 uat'oris
753 2171 1213 2233 sacramentum
1261 2164 1665 2250 significauit.
1712 2164 1825 2231 aed
1870 2171 1946 2231 ut
1989 2184 2102 2247 per
2152 2166 2462 2234 rationem
2506 2165 2741 2231 ordinis

468 2273 754 2355 psalmus
799 2275 1231 2355 exponeretur,
1278 2288 1317 2337 a
1360 2288 1624 2354 persona
1670 2269 1771 2334 dei
1818 2274 1885 2334 et
1927 2271 2124 2353 patris
2170 2271 2424 2337 initium
2460 2270 2637 2347 feeit,
2672 2276 2745 2336 ut

470 2376 760 2442 ueritatis
807 2380 1267 2442 sacramentum
1314 2395 1434 2442 non
1484 2377 1620 2442 sine
1667 2375 1883 2440 ordine
1928 2376 2444 2441 manifestaretur
2478 2375 2740 2442 homini·

469 2483 612 2549 bus,
660 2481 768 2564 qui
813 2481 978 2547 enim
1028 2499 1287 2547 eausam
1333 2481 1608 2564 aliquam
1656 2481 1973 2547 insinuare
2009 2480 2174 2557 uult,
2211 2480 2338 2545 nisi
2374 2480 2519 2547 eiua
2556 2486 2746 2565 caput

474 2591 541 2653 et
592 2587 897 2672 originem
956 2591 1196 2663 teneat,
1250 2606 1371 2652 non
1429 2587 1663 2670 poterit
1712 2587 2160 2670 proprietatem
2217 2586 2354 2651 eiua
2412 2586 2741 2652 ostendere
2771 2603 2819 2648 10

474 2710 673 2775 neque
719 2710 880 2774 quae
926 2691 1014 2757 sit
1058 2691 1195 2757 eius
1240 2691 1480 2756 ueritas
1527 2691 1810 2757 edocere.

564 2798 623 2861 2.
668 2797 891 2879 Itaque
944 2796 1037 2862 aio
1085 2815 1267 2863 orsus
1314 2799 1417 2863 eat
1457 2795 1704 2879 profeta
1758 2801 1824 2862 et
1876 2796 1995 2862 ait:
2051 2795 2329 2861 domini
2376 2800 2496 2862 eat
2547 2801 2744 2862 terra

475 2907 551 2968 et
593 2902 993 2985 plenitudo
1040 2903 1228 2970 eiua.
1275 2902 1465 2968 fidem
1510 2921 1718 2968 rerum
1766 2903 1972 2968 tenuit
2009 2902 2251 2970 dicens:
2301 2902 2585 2968 domini
2633 2906 2747 2968 est

476 3019 675 3074 terra
720 3014 792 3074 et
840 3009 1237 3093 plenitudo
1294 3009 1475 3074 eius.
1522 3008 1965 3075 auctoritatem
2015 3009 2177 3074 enim
2229 3011 2518 3074 ueterum
2575 3027 2746 3073 aano-

476 3118 684 3179 torum
723 3121 981 3179 secutus
1019 3118 1139 3191 eat,
1178 3114 1288 3197 qui
1328 3120 1556 3179 terram
1596 3121 1662 3178 et
1698 3132 1855 3197 quae
1894 3115 2134 3180 suntin
2171 3133 2245 3179 ea
2281 3114 2360 3179 ad
2399 3114 2742 3179 dominium
2775 3131 2814 3175 ιο

478 3219 712 3285 domini
759 3219 860 3285 dei
905 3220 1216 3301 pertinere
1253 3218 1562 3285 dixerunt.

567 3325 629 3390 3.
677 3325 761 3390 Et
804 3324 1064 3391 adiecit:
1112 3325 1314 3390 orbis
1352 3329 1720 3391 terrarum
1779 3330 1851 3390 et
1907 3344 2160 3391 omnes
2218 3325 2346 3408 qui
2402 3325 2746 3390 habitant
2842 3320 2848 3326 ’

477 3431 545 3495 in
588 3449 693 3497 eo.
729 3449 807 3496 ne
833 3431 995 3496 forte
1024 3431 1230 3496 minue
1260 3430 1502 3515 aliquid
1531 3430 1925 3515 significasne
1955 3435 2298 3514 putaretur,
2337 3429 2487 3512 quia
2515 3429 2747 3495 dixerat

480 3535 713 3602 domini
795 3554 935 3601 ease
1015 3539 1243 3601 terram
1327 3543 1391 3601 et
1460 3536 1914 3620 plenitudinem
1992 3537 2151 3611 eius,
2227 3555 2483 3602 aeneum
2561 3554 2743 3601 suum

482 3643 727 3724 aperuit
773 3640 1017 3706 dicens:
1060 3641 1269 3707 orbis
1316 3647 1679 3707 terrarum
1727 3646 1799 3706 et
1845 3642 2182 3706 uniuersi
2230 3642 2357 3724 qui
2402 3641 2814 3706 habitanti»

482 3749 550 3812 in
600 3766 698 3826 ea,
743 3752 817 3811 ut
862 3747 1115 3812 doceret
1164 3766 1408 3812 omnem
1459 3749 1712 3813 omnino
1751 3752 1981 3812 terram
2023 3746 2259 3812 domini
2296 3765 2438 3812 esee
2483 3751 2549 3811 et
2595 3765 2746 3829 quae

483 3859 631 3919 sunt
673 3855 738 3918 in
772 3871 867 3931 ea,
917 3858 989 3918 ut
1034 3853 1189 3919 nihil
1236 3859 1408 3920 esset
1453 3858 1785 3936 exceptum
1834 3854 2000 3936 quod
2051 3872 2168 3919 non
2227 3854 2365 3919 eius
2423 3854 2527 3932 eit,
2584 3853 2748 3939 sicut

483 3965 708 4042 putant
754 3959 1009 4043 quidam
1056 3959 1339 4036 heretici,
1388 3960 1495 4043 qui
1557 3960 1901 4025 secundum
1959 3959 2199 4025 dictum
2256 3959 2528 4042 apostoli
2582 3959 2749 4023 Petri

484 4054 826 4131 dominium
873 4065 989 4131 deo
1046 4066 1378 4150 abnegant,
1439 4084 1705 4149 quorum
1755 4065 1830 4130 ad
1889 4066 2470 4132 condemnationem
2527 4071 2753 4131 cuneta

485 4171 584 4236 dei
629 4190 767 4237 esec
814 4171 1116 4253 profetica
1163 4170 1415 4237 oracula
1459 4170 1825 4236 docuerunt.
2774 4179 2818 4224 ²⁵

665 4329 689 4381 1
734 4326 922 4380 Ezeeh.
957 4327 1044 4389 37,
1080 4328 1150 4382 24
1258 4328 1291 4380 4
1331 4326 1396 4380 cs.
1434 4326 1632 4381 Matth.
1670 4326 1758 4394 28,
1790 4328 1837 4381 1.
1867 4325 1983 4380 Iob.
2021 4326 2109 4395 20,
2152 4330 2173 4382 1
2287 4328 2321 4382 8
2359 4328 2427 4384 cf.
2457 4328 2576 4383 lob.
2609 4330 2690 4397 14,
2717 4330 2749 4383 6

490 4416 568 4469 12.
614 4417 675 4468 13
712 4415 799 4468 Pu.
837 4415 923 4481 23,
963 4415 988 4468 1
1130 4416 1195 4468 15
1232 4415 1299 4468 cf.
1338 4414 1391 4468 11
1426 4413 1571 4467 Petr.
1608 4415 1661 4480 2,
1703 4415 1749 4467 1.
1795 4415 1857 4468 10
1962 4415 2042 4468 17.
2081 4416 2151 4469 20
2187 4416 2275 4469 Pa.
2313 4416 2399 4482 23,
2439 4416 2462 4469 1
2578 4417 2648 4470 23
2686 4417 2747 4470 cf.

485 4502 537 4557 11
573 4502 715 4556 Petr.
753 4502 805 4570 2,
847 4505 892 4556 1.
934 4503 999 4556 10

561 4610 584 4663 1
627 4608 888 4679 prophete
931 4607 978 4660 C
1116 4610 1302 4678 pascet
1338 4607 1392 4659 Β
1488 4607 1522 4659 2
1561 4607 1725 4675 enim]
1766 4612 1944 4661 autem
1969 4575 2039 4660 'P
2132 4610 2167 4662 4
2204 4607 2419 4662 sabbati
2454 4622 2558 4661 om.
2600 4607 2749 4673 (add.

485 4701 606 4766 my.)
640 4696 704 4750 N
859 4694 1012 4749 uenit
1046 4711 1150 4751 om.
1186 4694 1261 4749 M
1415 4698 1448 4749 5
1485 4695 1637 4763 ergo]
1682 4699 1859 4748 autom
1902 4695 1956 4748 Χ
2148 4699 2541 4750 aeramentum
2579 4696 2751 4750 talua-

485 4786 619 4840 toria
657 4784 710 4838 P
834 4784 865 4838 7
903 4783 1036 4838 fecit
1069 4783 1283 4838 initium
1320 4782 1377 4838 P
1499 4784 1532 4836 9
1569 4782 1684 4853 qui]
1722 4784 1814 4852 qui
1851 4786 2012 4852 (corr.
2048 4786 2142 4837 2⁸2
2176 4784 2300 4849 nisi)
2336 4783 2400 4837 N
2539 4800 2751 4840 eausam

485 4874 739 4945 aliquam}
777 4889 940 4927 eausa
974 4871 1044 4939 (Ρ)
1081 4875 1243 4939 (corr.
1279 4874 1375 4925 ¹1⁸2
1410 4871 1551 4939 quiz)
1589 4886 1750 4942 cauae:
1789 4875 1906 4938 (m2
1939 4872 2002 4925 in
2036 4873 2171 4937 ras.)
2207 4888 2366 4942 quarn
2405 4870 2468 4926 Ν
2651 4872 2754 4928 nini

486 4963 601 5016 eiu·
637 4977 777 5016 eras.
803 4960 870 5015 Ν
940 4961 999 5014 11
1044 4958 1244 5013 uerita·
1272 4961 1387 5012 eiua
1418 4957 1526 5012 GA
1600 4957 1667 5011 12
1695 4964 1783 5012 eat
1802 4973 1893 5027 pr.
1917 4974 2019 5013 om.
2052 4958 2104 5013 G
2181 4959 2246 5013 18
2273 4959 2628 5015 fldem—eina
2651 4975 2751 5015 on.

485 5048 642 5119 (add.
678 5051 804 5119 ηις.)
838 5047 913 5102 Μ
997 5048 1063 5102 15
1101 5046 1215 5117 qui]
1254 5045 1381 5114 quia
1415 5047 1600 5112 (corr.)
1641 5044 1689 5098 0
1722 5046 1814 5115 qui
1850 5046 1893 5113 (i
1928 5048 2041 5111 11⁸2)
2078 5045 2145 5100 Ν
2242 5052 2388 5101 terra
2416 5048 2479 5101 X
2584 5047 2749 5101 dorni·

486 5137 658 5206 nium]
680 5136 1001 5190 dominicum
1022 5134 1099 5190 M
1119 5130 1481 5189 dominumN
1551 5132 1617 5187 16
1643 5132 1848 5187 domini
1874 5149 1976 5187 om.
1996 5133 2054 5187 P
2123 5135 2185 5188 17
2215 5135 2421 5204 omnen}
2450 5135 2754 5190 uniueroiP

491 5222 557 5278 18
591 5224 649 5277 in
685 5238 790 5280 οηι.
824 5222 900 5276 Μ
1061 5238 1127 5278 ea
1160 5219 1363 5284 1⁹0AE
1391 5224 1553 5288 (corr.
1591 5222 1723 5286 πω),
1761 5220 1823 5273 Χ
1962 5222 2029 5276 19
2066 5225 2155 5275 eat
2186 5227 2332 5276 terra
2366 5225 2426 5275 et
2460 5220 2749 5291 plenitudi-

488 5326 609 5365 nem
649 5310 703 5364 P
733 5316 817 5364 eot
853 5317 1000 5365 terra
1033 5314 1092 5365 et
1125 5307 1406 5380 plenitudo
1448 5307 1496 5361 G
1578 5308 1645 5362 21
1687 5324 1751 5362 eo
1787 5310 1844 5374 (o
1880 5308 1943 5361 in
1979 5311 2113 5377 mo.)
2141 5307 2201 5362 Ν
2286 5310 2357 5362 24
2393 5309 2669 5363 dominum
2694 5307 2751 5361 X
