3275 6434
217 685 1387 1011 -nhr-

710 1395 783 1467 Cap.
802 1395 827 1450 V
845 1396 937 1451 s-VI
956 1398 981 1454 1.
1371 1401 1414 1466 29

275 1588 580 1655 hoestiamnumero
590 1589 806 1655 remunerandi
817 1593 893 1656 suut
901 1589 956 1674 qui
964 1588 1085 1656 relictis
1094 1590 1241 1656 omnibus
1251 1590 1414 1657 dominum

274 1696 450 1777 sequuntur
459 1694 538 1760 etin
550 1694 660 1760 tuturo
670 1695 770 1760 uitem
780 1697 939 1760 aeternnm
949 1694 1120 1761 habebunt
1131 1695 1192 1761 hoo
1201 1700 1252 1761 eet
1264 1695 1412 1780 signum

273 1797 355 1882 qnod
387 1799 532 1883 posuit
563 1798 662 1866 deus
688 1799 728 1864 in
758 1799 865 1869 Cain.
893 1818 938 1865 ne
966 1800 1057 1882 quis
1089 1800 1300 1866 occideret
1327 1820 1411 1866 enm

273 1905 401 1970 omnis
415 1905 484 1989 qui
503 1904 737 1971 inuenisset
751 1923 849 1970 snm.
863 1905 894 1969 in
907 1904 1158 1989 parricidaenim
1173 1906 1411 1989 positrlenest

248 2015 306 2075 ent
327 2010 357 2074 si
386 2011 461 2092 quie
483 2008 692 2076 homicidium
713 2009 854 2084 iecisset,
878 2010 953 2092 quia
974 2029 1066 2075 omne
1088 2010 1289 2093 parricidium
1312 2011 1412 2077 horni-

271 2114 389 2180 cidium
409 2118 470 2192 est,
489 2116 630 2199 septiens
646 2132 720 2180 reus
739 2117 835 2192 esset,
855 2133 949 2196 qnam
968 2115 1071 2180 fuerat
1085 2114 1172 2192 Cain,
1191 2118 1229 2179 ut
1246 2114 1304 2179 hac
1323 2132 1411 2181 aeno

270 2222 361 2287 ritate
385 2219 484 2286 ceteri
506 2219 608 2285 territi
630 2218 671 2285 sb
692 2220 753 2285 hoo
777 2238 812 2285 so
834 2219 973 2285 facinore
994 2219 1181 2285 inhiberent

324 2429 379 2495 Vl.
404 2428 444 2496 SI
466 2427 641 2494 munus
664 2427 833 2494 oculbl'n
857 2426 968 2504 celii,
990 2426 1112 2495 SICUT
1135 2427 1353 2495 PUTA'I’UR?

312 2572 339 2633 1.
354 2568 490 2635 Frustra
503 2569 564 2635 hoc
582 2571 705 2652 putant,
720 2569 775 2652 qui
791 2567 983 2633 arbitrantur
995 2567 1080 2649 qnod
1094 2567 1229 2633 Lamech
1245 2567 1357 2634 dixerit
1370 2569 1409 2634 de

236 2675 356 2742 roduin:
394 2672 532 2741 occidi
564 2675 695 2740 uirum
727 2674 768 2739 in
803 2674 938 2739 liuore
965 2673 1063 2738 mihi
1091 2677 1131 2746 et
1157 2674 1342 2739 iuuenem
1370 2676 1408 2738 in

270 2778 439 2846 uulnere
475 2779 586 2845 mihi.
622 2779 686 2844 iam
723 2779 806 2843 enim
840 2778 951 2862 quinte
982 2778 1183 2864 generatione
1214 2781 1307 2843 natns
1341 2782 1407 2844 erat

268 2883 562 2964 musciacum,
591 2882 624 2949 id
659 2887 710 2950 est
741 2883 780 2949 de
813 2883 1006 2950 Matusalsm
1036 2883 1191 2967 abnepote
1223 2881 1310 2949 Cain.
1348 2883 1408 2949 hoe

269 2994 371 3055 entem
394 2989 514 3057 idcirco
534 2991 689 3055 memorat
705 2989 853 3070 Lamech,
873 2993 910 3055 ut
927 2990 1074 3055 ostendat
1091 2989 1195 3055 acrius
1214 2988 1408 3074 adstringen-

268 3096 340 3161 dum
365 3115 441 3162 eum
465 3096 520 3179 qui
542 3096 603 3162 snb
626 3096 827 3162 manifestate
850 3096 922 3180 lege
944 3096 1134 3178 peccauerit
1158 3114 1195 3160 ac
1216 3115 1273 3179 per
1293 3095 1354 3160 hoe
1377 3095 1405 3159 si

233 3206 338 3284 oport
361 3200 440 3269 Cain
463 3200 495 3267 in
518 3201 711 3268 imitatorem
735 3201 804 3267 eius
829 3202 969 3283 septiens
992 3200 1187 3267 uindicatum
1210 3204 1270 3281 est,
1289 3203 1407 3284 quanto

268 3307 404 3389 amphus
427 3306 652 3373 uindicandum
674 3308 706 3372 in
730 3326 803 3372 eum
826 3312 885 3388 est,
915 3325 1010 3388 quem
1038 3325 1095 3372 nec
1122 3307 1241 3372 fectum
1270 3306 1345 3373 Cain
1375 3309 1408 3370 et

268 3411 423 3496 correptio
446 3429 502 3477 noc
525 3416 600 3495 post
622 3430 694 3477 eum
711 3411 778 3476 lata
800 3411 958 3476 sententia
980 3411 1104 3491 terruit,
1126 3416 1165 3476 ut
1183 3430 1203 3476 a
1218 3416 1282 3476 tam
1308 3411 1405 3493 impio

267 3520 296 3580 st
330 3515 455 3581 crudeli
491 3516 629 3582 facinore
667 3517 862 3582 uoluntatem
900 3519 1071 3582 auerteret!
1108 3520 1182 3599 post
1218 3515 1293 3582 Cain
1331 3535 1405 3600 ergo

267 3619 402 3686 lamech
426 3619 632 3687 homicidium
656 3620 861 3704 perpetrauit,
885 3620 941 3703 qui
961 3620 1029 3686 sine
1051 3619 1147 3685 dubio
1166 3621 1253 3685 iuxta
1271 3639 1308 3684 ea
1327 3638 1406 3703 quae

234 3745 361 3810 ampra
397 3726 485 3793 diets
515 3729 591 3793 sunt
623 3731 745 3810 septem
778 3725 938 3792 uindictae
970 3726 1115 3793 exsoluit
1161 3731 1195 3792 et
1226 3726 1300 3808 quid
1333 3732 1407 3809 post

266 3834 402 3899 hamach
435 3833 475 3912 si,
503 3834 559 3917 qui
586 3834 646 3900 hoc
674 3835 804 3898 secutna
833 3830 960 3911 fuisset,
992 3833 1136 3898 futurum
1159 3837 1246 3896 esset
1267 3830 1407 3896 ostendit

267 3936 1406 4022 dicenszdshamechautemseptuagiensseptiens‚utquia

267 4045 387 4110 mulum
411 4063 492 4129 opus
514 4045 708 4130 paenitentia
729 4064 788 4110 non
813 4042 1030 4125 subsequitur,
1053 4043 1256 4128 septuaginta
1283 4046 1403 4125 septem

356 4251 608 4320 lci.Luc.5,ll
646 4250 715 4308 ‘dci
734 4249 817 4306 Maro.
837 4249 880 4315 10,
898 4250 934 4305 80
952 4255 1003 4305 etc.
1058 4248 1246 4316 Gen.4,15c
1285 4249 1317 4304 10
1337 4246 1403 4303 Gen.

265 4341 343 4403 hid
398 4338 645 4405 escensuri

297 4464 309 4516 l
332 4461 374 4514 hii
393 4459 458 4516 odd
478 4464 525 4515 ssd
544 4465 609 4516 onte
627 4461 673 4530 qni
693 4460 719 4514 G
773 4462 839 4516 2et
855 4461 953 4517 osuN
1004 4461 1135 4529 bnequir
1153 4460 1227 4529 (quis
1245 4475 1315 4513 aaa.
1331 4456 1404 4511 Nor

266 4548 345 4614 M)
362 4545 423 4601 NB
503 4547 633 4602 occiderit
650 4547 740 4602 MGA
808 4549 825 4602 5
844 4547 978 4619 parricide
996 4547 1033 4602 Μ
1049 4546 1235 4617 parricidium
1253 4546 1285 4601 N
1300 4545 1404 4615 paraci-

267 4635 334 4690 dium
353 4635 411 4690 AB
428 4639 509 4705 (corr.
529 4635 657 4704 qums)
698 4637 715 4690 6
734 4641 776 4689 ert
793 4652 846 4690 oss.
868 4636 892 4691 0
929 4636 946 4690 8
965 4635 1010 4705 Sl]
1030 4633 1127 4690 Utrum
1145 4633 1173 4688 P
1224 4632 1358 4688 lamecech
1377 4630 1405 4685 P

268 4725 296 4778 1⁰
312 4730 342 4779 ct
360 4723 489 4778 iuucacm
508 4724 535 4777 in
555 4723 665 4777 uulnere
683 4723 750 4777 mibi
767 4739 819 4780 on.
840 4724 871 4777 X
924 4725 955 4779 ll
976 4725 1072 4793 quinta
1089 4723 1110 4793 (i
1127 4724 1160 4777 ire
1176 4724 1244 4789 roa.)
1261 4720 1291 4774 F
1307 4724 1404 4789 quarta

268 4810 313 4868 dd
333 4815 441 4882 quanta
457 4810 486 4867 B
542 4811 574 4866 12
592 4827 610 4866 a
626 4825 678 4865 osa
692 4811 724 4865 X
739 4811 816 4881 (odd.
830 4812 916 4882 Boot)
985 4811 1167 4866 mathusalam
1188 4808 1362 4864 Omatusala
1374 4806 1406 4860 Χ

268 4901 295 4954 14
312 4898 594 4954 submmsnibeatata
607 4894 655 4965 ζα
672 4899 873 4966 manirteatuta)
890 4899 928 4954 ht
978 4899 1052 4968 lege]
1068 4900 1119 4953 lite
1136 4902 1216 4967 (corr.
1234 4915 1269 4953 ur.
1286 4900 1351 4961 reo.)
1369 4894 1404 4948 ht

271 4988 297 5040 lb
313 4987 398 5057 imit]
414 4987 486 5042 imit
505 4992 562 5056 (pr.
580 4988 590 5041 i
608 4992 691 5054 crus.)
708 4986 746 5041 Μ
760 4987 831 5042 imit.
850 4991 887 5054 (ru
904 5003 926 5044 a.
941 4986 1010 5056 psi
1028 4986 1154 5054 errabo
1207 4985 1402 5039 liquoreum

269 5075 327 5128 edd
345 5077 374 5129 in
391 5092 427 5129 ar.
446 5091 498 5130 rec.
519 5074 545 5129 0
613 5076 750 5130 nubatis
767 5074 834 5130 data
850 5075 879 5129 P
951 5075 1086 5130 deterruit
1102 5073 1140 5127 Μ
1222 5072 1255 5126 18
1274 5069 1402 5126 crudelis-

270 5163 329 5216 simo
347 5162 380 5216 N
396 5162 515 5219 crudelis
534 5167 559 5226 (ι
577 5164 659 5229 crus.)
676 5162 751 5230 Μ
825 5167 945 5218 nemrot
961 5164 1041 5232 (corr.
1060 5165 1108 5216 ⁸⁸2
1124 5162 1163 5226 B)
1183 5161 1212 5215 X
1282 5158 1316 5213 21
1337 5156 1402 5227 qnid

271 5248 322 5303 NF
335 5255 436 5316 (COR),
454 5250 478 5305 G
534 5251 569 5304 22
592 5250 762 5306 ooluutehia'
