3275 6434
617 1393 691 1466 Oen.
709 1393 815 1450 xenu
835 1397 931 1452 7-10.
1280 1403 1321 1468 77

177 1590 244 1656 eie·
259 1589 405 1658 ostendit
426 1608 489 1674 qne
512 1607 607 1657 oense
630 1588 705 1655 dete
726 1590 793 1656 sint
812 1590 880 1656 illis
902 1595 1068 1676 proecepte
1089 1595 1179 1658 tente
1201 1597 1234 1659 et
1256 1597 1321 1660 tum

175 1714 299 1780 sopor&
311 1699 362 1777 nt„
376 1696 452 1780 quie
467 1695 584 1780 ingreti
601 1696 699 1763 tentis
717 1696 809 1763 tonis
826 1696 1015 1763 exstiterunt
1033 1697 1173 1764 dictante
1186 1699 1320 1768 iustitie.

174 1802 354 1888 prumtis
372 1800 586 1869 seuefioribus
603 1804 828 1886 premerentur.
847 1801 964 1869 idcirco
983 1802 1068 1869 enim
1085 1805 1157 1870 ‘non
1175 1804 1268 1871 tone’
1285 1825 1321 1870 ee

174 1909 262 1989 dixit,
285 1928 361 1977 cum
382 1910 471 1976 iuste
488 1909 563 1988 sint,
582 1908 658 1991 quie
674 1926 736 1975 ron
753 1908 820 1973 illis
843 1907 881 1974 od
900 1908 1158 1975 iustidcetiouem
1178 1911 1321 1995 proficie-

147 2016 259 2095 etent.
287 2015 348 2083 sod
373 2014 413 2080 ed
440 2014 572 2093 exitum,
604 2017 638 2079 et
671 2032 781 2099 poeno,
813 2013 892 2080 licet
922 2014 1016 2100 digne
1046 2015 1156 2094 inlate,
1187 2017 1320 2101 potienti

171 2125 278 2188 nmen
309 2121 394 2187 tone
424 2138 486 2187 non
518 2123 576 2185 est
603 2123 679 2203 post
703 2119 783 2186 heco
808 2123 925 2199 temen,
954 2121 1030 2204 quie
1055 2121 1129 2205 pius
1157 2125 1208 2188 est
1229 2121 1319 2188 dens.

171 2244 290 2293 nuum
312 2228 542 2293 tostementum
566 2224 715 2292 diturum
738 2243 774 2291 se
795 2227 951 2309 promisit,
979 2229 1011 2291 in
1035 2246 1098 2310 quo
1121 2226 1318 2294 edbreuiutio

171 2334 256 2401 nce·
270 2331 356 2417 legis
372 2330 562 2399 iustificeret
578 2331 752 2408 credentes,
771 2333 858 2398 sicut
873 2332 1067 2399 instificetus
1086 2336 1137 2400 est
1148 2333 1318 2412 Abrohom,

172 2443 208 2506 nt
220 2437 426 2506 mentibus
443 2437 620 2504 neomeniis
643 2441 677 2503 et
693 2437 826 2504 nbbeto
845 2441 878 2504 et
895 2438 1137 2505 circumcisione
1155 2442 1188 2504 et
1205 2441 1318 2506 ceteris

141 2565 162 2608 o
174 2545 352 2631 pmceptis
364 2563 485 2611 -uon
503 2561 584 2629 quse
601 2543 756 2609 ueturslie
774 2542 857 2628 legis
875 2547 960 2623 sunt,
978 2545 1012 2609 id
1031 2548 1082 2610 est
1098 2544 1317 2612 homicidium.

173 2650 365 2717 cimiterium
388 2655 422 2716 et
443 2650 522 2716 tslie
542 2649 655 2715 -ite
676 2648 935 2727 instituerentur,
968 2651 1053 2716 sicut
1083 2655 1117 2717 et
1146 2650 1317 2719 Anneium.

172 2761 323 2824 reeouete
349 2757 433 2823 eninr
465 2754 529 2822 tide
559 2755 705 2822 Atrehee
743 2755 848 2821 omniu
883 2756 989 2822 uoluit
1019 2774 1152 2835 cessere,
1186 2760 1224 2821 ut
1253 2759 1317 2824 tete

171 2868 299 2949 empus
322 2865 421 2942 emet,
445 2862 538 2946 queie
559 2862 665 2928 inerst
686 2862 811 2945 quondo
834 2861 969 2927 credidit
990 2862 1160 2928 Abrehem.

214 2972 265 3036 lo.
274 2968 343 3037 Sed
354 2968 438 3035 forte
452 2967 691 3034 dioeutlndeei:
701 2967 740 3033 ‘ei
754 2986 801 3047 ee,
813 2986 894 3050 quse
908 2987 927 3034 u
939 2968 1052 3053 Moyse
1068 2968 1142 3034 dete
1155 2973 1240 3049 sunt,
1250 2989 1317 3037 ces-

137 3094 238 3143 neere
249 3075 342 3143 dicte
355 3078 433 3143 sunt
447 3093 504 3159 per
520 3073 790 3140 edbreuietionem
803 3073 897 3160 legis,
912 3074 1067 3158 numquid
1080 3074 1283 3142 circumcisio
1298 3096 1316 3141 e

173 3183 283 3268 loyce
296 3181 374 3248 dete
395 3184 447 3246 eet
467 3184 506 3246 nt
527 3182 652 3246 nosset?
675 3198 713 3246 so
729 3198 786 3263 per
802 3180 864 3245 hoo
881 3179 1008 3264 signum
1026 3179 1125 3262 petris
1143 3181 1244 3246 nostri
1261 3181 1316 3247 te-

171 3289 296 3368 bernus,
319 3287 398 3371 quie
422 3302 535 3352 sumne
561 3285 619 3350 filii
648 3284 801 3362 Abrahae,
829 3285 914 3367 quod
940 3289 1069 3369 propter
1094 3285 1314 3352 testimonium

173 3395 297 3481 emeris
320 3410 445 3460 cessem
467 3411 528 3459 non
552 3391 666 3457 debet’.
688 3394 832 3474 tempore
856 3389 984 3473 quidem
1004 3409 1063 3458 suo
1082 3391 1237 3457 cernendo
1254 3392 1316 3458 tuit

174 3500 386 3577 cummunio,
416 3498 451 3566 id
487 3502 547 3576 est,
575 3503 745 3581 antequem
774 3515 894 3564 nouum
922 3499 1149 3563 testemonium
1177 3497 1316 3566 deretur.

137 3625 161 3671 ro
173 3607 256 3691 cuod
274 3607 469 3692 promissum
492 3609 569 3671 eret.
594 3603 690 3670 eduti
708 3606 816 3669 eutem
836 3603 888 3668 dei
906 3604 1007 3686 gretie
1024 3606 1203 3686 praestante
1222 3621 1316 3671 onere

171 3715 251 3801 legis
283 3732 408 3781 nesure
438 3713 529 3778 iusso
558 3715 644 3789 sunt,
672 3710 748 3794 quid
776 3728 858 3794 opus
885 3713 936 3775 est
962 3709 1167 3776 eircumcidi?
1196 3710 1314 3778 idcirco

173 3826 276 3887 entem
295 3838 383 3888 none
397 3820 447 3885 lex
466 3817 541 3884 dete
558 3822 619 3896 est,
641 3817 674 3882 id
694 3821 744 3883 cst
761 3816 927 3899 spiritelis,
945 3820 984 3882 ut
1001 3819 1162 3882 cosserent
1179 3816 1315 3883 cumulis

173 3932 202 3994 et
218 3927 433 4013 suscipientes
453 3944 524 3991 cem
542 3925 670 4010 signum
688 3923 758 3989 eius
776 3922 965 4004 occiperent
983 3926 1030 4000 ut,
1053 3921 1138 3988 siout
1159 3921 1191 3987 in
1214 3924 1315 3990 ueteri

173 4035 316 4101 dtnhee
336 4034 463 4118 signum
486 4031 675 4108 habuerunt,
698 4048 734 4095 ex
753 4047 816 4114 quo
835 4028 941 4112 coepit
962 4031 1189 4095 testemonium
1207 4032 1314 4097 uetus.

140 4141 217 4206 site
236 4144 271 4206 et
292 4139 325 4204 in
349 4155 432 4204 rouo
455 4137 584 4222 signum
605 4135 743 4201 hebenut
759 4133 941 4211 saluatoris,
961 4135 1016 4217 qui
1034 4135 1111 4201 noui
1128 4136 1314 4200 testamenti

256 4396 348 4454 end.
366 4394 443 4450 Rom.
462 4395 489 4461 t,
508 4394 542 4448 14

206 4575 217 4627 l
237 4573 305 4643 quis
321 4571 354 4625 Χ
369 4573 450 4640 (corr.
470 4568 536 4636 θΑ)
606 4567 758 4638 tingatis
777 4566 802 4621 0
818 4567 910 4637 (corr.)
927 4566 956 4621 B
973 4567 1054 4638 (coir.
1071 4569 1130 4633 ηπ)
1207 4565 1314 4621 dictent

174 4662 255 4732 ctist
271 4676 345 4716 eree.
358 4664 386 4714 et
398 4658 477 4727 dud.)
492 4658 517 4713 0
549 4657 567 4712 d
585 4655 738 4712 senioribus
751 4655 780 4711 P
795 4655 978 4711 seuerioribns
995 4661 1076 4722 (corr.
1090 4653 1242 4709 senioribus
1254 4658 1312 4719 sr2)

175 4748 361 4807 (iunioribus
378 4746 410 4802 11
480 4746 551 4801 enirn
569 4761 620 4804 oue
637 4743 720 4800 (Μ
772 4744 790 4798 t
808 4744 910 4799 exitum
928 4747 1012 4809 (corr.
1030 4741 1153 4811 meum
1165 4741 1312 4796 Aesim

172 4842 306 4906 nisinen
326 4835 381 4892 θΔ
453 4836 555 4891 tec...
573 4833 607 4890 N
674 4832 879 4888 dementibus
895 4830 988 4902 (corr.)
1005 4830 1043 4885 u
1125 4830 1259 4884 eumenii·
1276 4830 1314 4885 11

172 4925 316 4983 merit
336 4923 391 4980 CX
488 4923 520 4979 11
545 4926 575 4978 et
595 4921 760 4978 ndulterium
779 4920 835 4977 θΔ
943 4919 1016 4974 sicut
1034 4919 1073 4988 et]
1092 4922 1125 4973 ut
1141 4917 1170 4972 P
1187 4923 1219 4971 ut
1235 4920 1265 4972 et
1282 4917 1315 4971 N

173 5014 202 5071 tt
216 5013 300 5072 flur
317 5012 375 5069 Fe
448 5012 481 5068 18
499 5009 587 5082 quetis
604 5008 691 5066 m
754 5009 787 5064 14
806 5026 823 5063 e
840 5007 944 5079 dioyse]
963 5023 981 5063 e
996 5021 1108 5072 moysen
1125 5004 1164 5059 11
1176 5005 1264 5076 moysi
1282 5005 1313 5059 Χ

173 5103 321 5161 11ιοι1τ1ο
337 5101 363 5157 0
412 5100 450 5157 80
467 5099 562 5156 etuti
580 5098 615 5163 P,
633 5101 676 5168 (et
687 5100 768 5167 eus.)
784 5096 865 5166 N,X
881 5095 965 5152 edubi
982 5098 1064 5165 (corr.
1082 5098 1122 5162 et)
1143 5092 1168 5149 0
1219 5097 1311 5148 entem

173 5189 280 5248 mo
358 5188 392 5245 11
413 5184 813 5258 usuro(oorr.n.rec)dd
877 5181 1146 5256 discooperuisti(
1207 5180 1310 5236 tieb-

174 5279 261 5336 rrciree
281 5279 336 5335 CX
393 5278 431 5333 et
447 5275 550 5332 debut
566 5275 604 5332 11
672 5290 744 5330 nouo
761 5275 854 5343 (coir.)
873 5272 907 5328 Ι
