3275 6434
329 963 394 1029 898
720 959 818 1014 Liber
842 961 1074 1030 questionum

329 1157 501 1225 eobiimenr
530 1173 678 1241 eppnrere
705 1155 738 1221 in
763 1173 861 1241 regno
892 1155 944 1223 dei
972 1155 1100 1222 doleant
1124 1155 1252 1224 mninei
1284 1155 1409 1222 trienni
1441 1173 1473 1222 ee

329 1263 525 1342 mtineeee,
550 1258 633 1346 quod
658 1280 772 1328 nernrn
799 1279 871 1328 eene
898 1260 1092 1327 declaratum
1119 1265 1180 1340 eet,
1203 1279 1261 1328 nee
1285 1279 1350 1328 non
1377 1259 1471 1326 efirnr

328 1368 373 1447 bi.
395 1367 450 1453 qni
471 1366 560 1435 tonde
582 1366 791 1445 crediderunt,
809 1385 872 1433 non
889 1366 922 1432 in
941 1366 1019 1446 cite,
1037 1365 1095 1432 neri
1110 1367 1143 1432 in
1162 1369 1265 1433 morte
1284 1365 1471 1433 confitenter

328 1473 434 1552 deum,
457 1473 601 1540 uidentee
624 1476 742 1556 quenti
763 1473 865 1557 glorie
886 1490 994 1538 eornm
1013 1476 1073 1552 eet,
1091 1472 1147 1557 qni
1164 1472 1226 1539 enb
1243 1490 1335 1538 rrnre
1352 1471 1471 1540 conso·

329 1577 503 1646 militrntee
533 1577 619 1645 belle
647 1577 848 1661 impentorie
879 1579 932 1645 eui
963 1577 1078 1644 deuote
1109 1580 1143 1644 et
1173 1576 1313 1644 fideliter
1346 1580 1470 1663 gernot,
1494 1598 1507 1644 ι

329 1684 510 1770 poeniteant
530 1701 593 1750 non
614 1703 650 1751 ee
672 1682 801 1760 nirieee‚
825 1683 882 1749 eod
903 1688 1047 1750 mortnoe
1069 1702 1140 1751 eece
1163 1681 1377 1750 (ibrietionoe.

373 1792 424 1857 15.
452 1790 564 1857 Poteet
589 1789 673 1855 enirn
699 1788 800 1855 uideri
827 1788 957 1855 minime
987 1789 1123 1855 idoneor
1150 1789 1231 1855 mori
1257 1787 1470 1867 Obrietionne‚

328 1896 384 1980 qni
396 1897 509 1963 notum
528 1914 590 1962 non
606 1894 721 1962 hebuit
736 1895 847 1963 ninere
866 1894 1074 1963 Obrietienoe.
1092 1895 1174 1962 forte
1191 1894 1277 1960 enim
1294 1894 1362 1960 iem
1380 1894 1470 1960 mori

328 2003 420 2068 turne
443 1994 560 2068 idcirco
579 2000 684 2066 noluit
700 1999 764 2067 dici
782 2000 991 2083 (ibrietinnoe,
1013 2003 1050 2065 nt
1072 2000 1148 2084 qnia
1169 2001 1232 2068 ienr
1252 2004 1385 2085 tempor
1404 2017 1471 2085 pec

330 2106 421 2172 condi
448 2125 509 2173 non
537 2109 611 2172 eret
638 2112 688 2171 ‘ne
715 2106 818 2183 forte‘,
844 2106 960 2191 inquit,
987 2108 1110 2171 ‘norom
1137 2106 1182 2172 eit
1206 2105 1294 2190 qood
1322 2104 1505 2184 credituro

329 2211 404 2278 uolo
425 2210 494 2279 fleri
516 2209 716 2278 Obrietienue
739 2212 819 2278 nibil
841 2213 1002 2288 emittere,
1026 2213 1053 2278 si
1077 2212 1194 2277 inleorn
1219 2215 1270 2278 eet
1294 2211 1384 2295 qnod
1409 2229 1471 2277 cre-

329 2316 434 2383 ditnr'.
470 2320 507 2383 ut
543 2315 619 2401 gnie
648 2317 712 2382 iem
743 2317 776 2382 in
807 2320 910 2384 morte
941 2337 1002 2383 non
1034 2317 1184 2383 nolenter
1215 2317 1383 2401 necandi,
1418 2315 1470 2384 eet

329 2425 496 2506 peccetnm
518 2420 587 2488 beri
609 2421 736 2500 cernit,
758 2424 897 2506 temptet
920 2423 947 2488 ei
970 2423 1121 2507 prodesse
1142 2423 1261 2507 poterit
1288 2422 1372 2488 tideo
1400 2425 1471 2506 port

329 2531 475 2605 mortem,
498 2544 572 2592 enm
594 2524 655 2593 boo
677 2527 787 2611 obque
810 2527 1026 2606 ioerotuti10‚
1050 2530 1086 2594 ut
1107 2527 1160 2594 bic
1183 2528 1264 2595 uitio
1286 2531 1321 2594 et
1341 2532 1470 2612 peccetr

329 2630 579 2712 morderentur,
600 2632 658 2698 obi
678 2632 804 2699 fuerent
825 2632 976 2699 odmieee.
1483 2653 1506 2700 re

376 2736 426 2804 16.
452 2736 542 2803 Tenc
568 2736 652 2802 enim
679 2737 795 2820 elignie
827 2735 1055 2804 condemnoeee
1083 2756 1117 2804 ee
1144 2738 1315 2822 proeterite
1346 2739 1469 2823 probet

329 2840 454 2925 quondo
476 2840 550 2906 bdei
572 2841 688 2906 lineem
712 2859 847 2924 eoquens
873 2843 1144 2910 conuereetionem
1167 2848 1200 2911 et
1222 2844 1323 2910 uitem
1342 2843 1471 2910 uidetur

329 2950 461 3012 mutere.
475 2946 504 3012 ei
518 2947 601 3013 enirn
619 2945 708 3029 prioe
727 2945 797 3013 idco
816 2946 979 3031 percebot,
998 2948 1074 3031 quie
1091 2949 1254 3015 nesciebat
1271 2949 1381 3028 deum,
1399 2968 1469 3016 corn

330 3053 496 3136 cognoscit
517 3071 601 3130 enm,
625 3053 710 3117 ultre
730 3071 791 3118 non
816 3053 911 3119 debet
928 3073 1068 3138 peccare,
1092 3074 1131 3121 ne
1155 3056 1275 3124 iruetre
1293 3057 1338 3122 eit
1357 3076 1470 3142 cogno·

328 3157 416 3223 uieee
439 3157 546 3234 iilum3
570 3157 664 3222 debet
686 3159 767 3222 enim
792 3159 907 3241 reliquie
936 3159 1095 3243 proiectus
1124 3180 1194 3228 cese
1223 3180 1259 3227 er
1288 3162 1469 3246 cognitione
1483 3182 1508 3228 ιι

328 3261 391 3328 dei.
415 3261 615 3329 Obrietionne
638 3263 720 3328 enirn
744 3267 816 3328 ente
839 3265 1067 3348 proioeeionem
1095 3265 1190 3332 debet
1212 3267 1372 3351 intellegi:
1402 3285 1470 3350 opo

331 3367 420 3435 riboe
453 3366 557 3451 megin
587 3367 758 3450 probentur
789 3389 883 3453 quem
917 3371 1051 3436 nomine
1084 3389 1155 3436 nem
1187 3374 1356 3455 propterea
1389 3389 1471 3435 men·

332 3471 407 3538 doto
438 3471 512 3538 dote
543 3474 620 3537 eunt
645 3491 663 3537 e
690 3474 802 3539 cetorie
832 3474 959 3559 legibue
986 3477 1114 3558 puriore
1140 3479 1173 3542 ot
1200 3476 1240 3542 ed
1267 3476 1470 3541 eenctitotern

332 3577 531 3662 pertinentia,
545 3580 582 3643 nt
600 3596 636 3643 er
653 3578 704 3644 bie
722 3578 773 3644 dei
791 3581 918 3646 cultore
935 3584 1098 3664 oppereotr
1118 3582 1147 3647 ei
1165 3600 1228 3665 quo
1248 3582 1367 3662 minoe,
1386 3580 1471 3646 endi·

333 3686 400 3749 ent:
415 3683 511 3766 qnid
529 3704 586 3750 me
606 3685 776 3764 nocetis,
796 3686 964 3766 domine,
984 3687 1151 3764 domino,
1172 3692 1212 3753 et
1229 3706 1304 3754 non
1322 3687 1508 3754 iecitiee

421 3943 438 3995 4
458 3942 492 3997 oi.
512 3942 579 4015 pr.
598 3945 624 4011 6,
644 3945 674 3998 ll
732 3945 766 3997 25
785 3943 849 3999 Luc.
868 3945 894 4012 6,
911 3944 948 3999 46

370 4114 537 4172 lrnblimen
553 4118 613 4173 NF
693 4120 733 4188 eol
752 4122 795 4172 eet
813 4134 843 4172 re
861 4118 889 4173 P
904 4135 956 4175 ore.
974 4118 1005 4172 X
1090 4121 1165 4175 thir
1186 4120 1268 4175 ONX
1358 4124 1475 4178 nitori

333 4205 523 4275 ¹§imperatori
542 4207 623 4275 (corr.
642 4205 801 4276 inperetori)
823 4206 846 4260 Ο
914 4207 1072 4277 toeniteet
1089 4208 1127 4276 N,
1144 4211 1225 4277 (eon.
1244 4213 1302 4276 πολ)
1320 4213 1348 4265 Δ
1431 4213 1470 4265 ni·

332 4294 403 4348 rieee
421 4294 583 4362 (niterer.)
604 4293 628 4349 G
696 4299 819 4348 mortno·
838 4295 871 4349 N
929 4297 944 4350 7
963 4298 1075 4365 roiano·
1096 4296 1120 4350 0
1175 4296 1317 4367 8'ririenie
1333 4302 1430 4366 (corr.)
1449 4300 1473 4355 G

335 4381 367 4435 11
387 4380 499 4449 rbitror
516 4380 553 4433 Μ
621 4380 796 4436 emittenti]
849 4384 883 4437 12
901 4384 1027 4454 uoluptee
1045 4383 1104 4437 ΝΧ
1165 4386 1199 4439 15
1217 4385 1426 4442 concederentur
1442 4387 1474 4441 Ν

335 4465 522 4520 emenderetnr
540 4465 595 4520 FB
665 4466 766 4522 inerint
782 4468 813 4522 X
866 4471 899 4524 le
917 4471 1021 4540 aliquid
1038 4471 1066 4525 P
1129 4474 1160 4526 17
1179 4473 1217 4543 et]
1236 4473 1269 4527 ed
1288 4473 1317 4526 P
1376 4476 1409 4528 iii
1427 4492 1470 4528 eo·

334 4553 453 4623 gnoecit]
473 4555 660 4622 cognoreetG
746 4558 810 4626 non]
830 4572 863 4610 on
882 4556 910 4610 P
987 4558 1022 4612 20
1041 4559 1177 4627 perfectu·
1198 4559 1250 4613 CX
1328 4562 1363 4615 21
1385 4564 1470 4633 operi·

336 4637 397 4709 bne]
417 4637 483 4694 odo.
503 4645 593 4694 entern
613 4640 640 4694 P
690 4641 725 4696 21
748 4648 872 4711 omrem
891 4642 927 4696 Μ
996 4644 1125 4700 mundate
1143 4645 1207 4699 dete
1225 4649 1299 4716 cont]
1321 4664 1375 4709 on.
1394 4649 1470 4716 (edd

337 4728 392 4864 mil
402 4725 531 4865 menrigte
547 4729 622 4796 ront)
639 4730 667 4782 A
684 4729 813 4784 mendcio
830 4734 895 4784 eunt
913 4730 940 4785 G
1006 4732 1041 4785 23
1060 4731 1093 4785 ed
1111 4749 1164 4787 orn.
1181 4733 1220 4788 Π
1286 4735 1323 4788 24
1342 4736 1430 4790 cultor
1447 4736 1474 4790 P

339 4827 375 4866 ee
394 4811 454 4865 ient
