3275 6434
684 1389 756 1457 cap.
781 1385 830 1441 cu
849 1387 963 1441 aa-an
1329 1393 1396 1455 223

256 1598 321 1644 cam
351 1580 450 1645 uerba
478 1579 551 1643 data
579 1579 643 1644 sint
669 1599 748 1662 quae
775 1581 962 1645 tradantur?
990 1580 1155 1646 uideamus
1183 1581 1291 1663 itaque
1318 1581 1395 1663 quid

248 1685 399 1764 proderit,
423 1686 452 1750 si
474 1686 547 1750 boni
571 1685 677 1749 meriti
700 1686 805 1764 luerit,
831 1691 887 1750 aut
910 1686 986 1768 quid
1010 1687 1121 1763 oberit,
1144 1687 1171 1751 si
1195 1687 1270 1752 mali
1297 1689 1395 1753 fuerit

244 1792 363 1855 meriti.
401 1790 553 1856 accedens
589 1790 685 1854 uerba
722 1791 773 1855 dei
809 1791 917 1856 audire
950 1791 1117 1870 desiderat,
1149 1793 1264 1874 quibua
1296 1793 1391 1857 fidem

238 1897 454 1961 commodans
484 1896 619 1961 salutem
647 1915 681 1960 se
705 1895 805 1961 credit
827 1897 977 1979 accipere.
1002 1896 1079 1979 quid
1101 1896 1179 1962 lacit
1200 1898 1232 1962 in
1261 1898 1319 1963 lrac
1346 1919 1392 1975 re,

199 2023 215 2064 s
236 2003 267 2065 si
298 2002 407 2067 bonae
429 2021 467 2067 an
492 2001 594 2066 malae
623 2002 707 2066 uitae
736 2002 780 2066 sit
803 2002 858 2082 qui
881 2000 977 2065 uerba
1001 2002 1166 2067 sollemnia
1188 2003 1296 2082 tradit,
1318 2022 1392 2069 cum

233 2107 324 2172 fides
355 2107 473 2172 deuota
504 2111 670 2189 quaeratur
697 2106 910 2188 percipientis,
938 2113 976 2171 ut
1002 2127 1048 2181 ea,
1078 2126 1158 2189 quae
1190 2107 1289 2185 audit,
1321 2113 1390 2173 toto

231 2213 351 2276 animo
376 2211 504 2277 credat?
528 2211 680 2292 numquid
703 2211 730 2274 si
755 2212 856 2275 malae
880 2213 965 2276 uitae
988 2213 1032 2276 sit
1053 2213 1108 2294 qui
1137 2212 1244 2290 tradit,
1271 2213 1392 2296 inpedi-

231 2321 392 2382 mentum
415 2318 509 2382 laciet
531 2316 726 2399 percipienti,
750 2336 788 2380 ae
812 2317 919 2380 credat
942 2336 1021 2400 quae
1044 2317 1144 2394 audit,
1168 2318 1331 2395 credenda,
1354 2329 1392 2384 ut

231 2427 415 2505 peccatum
442 2423 512 2487 eius
540 2424 636 2488 intret
663 2424 694 2486 in
723 2441 777 2487 cor·
804 2424 874 2486 eius
903 2442 940 2487 ne
969 2423 1098 2496 credat?
1130 2429 1186 2488 aut
1213 2423 1302 2501 deus,
1335 2425 1390 2506 qui

199 2530 353 2594 oiustus
392 2534 451 2605 est,
489 2526 649 2611 despicere
687 2528 782 2591 habet
824 2528 974 2592 deuotum
1015 2529 1077 2592 sibi
1117 2533 1245 2613 propter
1280 2549 1389 2611 pecca-

234 2641 315 2698 tum
354 2634 435 2708 eius,
473 2652 567 2716 quem
603 2634 671 2715 ipse
707 2634 828 2715 patitur
863 2652 933 2698 esse
965 2634 997 2697 in
1035 2633 1163 2699 ordine?
1200 2652 1257 2699 nec
1294 2635 1388 2699 homo

237 2741 293 2804 sic
318 2739 448 2816 iudicat,
472 2758 564 2821 quem
589 2742 714 2804 constat
738 2739 805 2802 falli
829 2739 1010 2820 frequenter
1033 2745 1088 2803 aut
1110 2760 1179 2805 esse
1203 2740 1387 2825 gratiosum.

238 2846 273 2909 si
297 2846 345 2909 ita
368 2851 454 2909 esset
477 2847 509 2908 et
532 2845 625 2909 homo
650 2864 778 2909 carneam
802 2848 1030 2929 suammgeret,
1050 2864 1149 2910 nonne
1173 2846 1292 2910 diceret
1313 2845 1387 2911 deo:

241 2951 312 3032 ‘qui
336 2950 379 3014 sit
401 2950 462 3014 iste
486 2950 577 3013 cuius
602 2968 697 3013 causa
720 2969 770 3013 me
794 2949 942 3030 despicis,
966 2952 1082 3015 nescio.
1103 2970 1160 3033 ego
1185 2951 1224 3015 ad
1247 2970 1319 3015 eum
1338 2951 1387 3015 tui

199 3078 217 3121 s
245 3074 344 3120 eausa
376 3056 507 3131 accessi,
538 3055 612 3136 quia
644 3060 718 3119 tuus
747 3055 912 3119 dicebatur
938 3056 1079 3121 antistes.
1114 3064 1146 3119 te
1173 3057 1327 3140 quaesiui,
1355 3062 1387 3120 te

251 3160 437 3240 desideraui,
463 3162 522 3226 tibi
551 3160 682 3236 credidi;
711 3160 749 3224 de
776 3161 903 3225 homine
926 3161 1004 3225 nihil
1028 3162 1166 3244 operarii:
1193 3182 1287 3243 quare
1311 3181 1386 3247 ergo

251 3266 330 3331 mala
353 3267 422 3331 eius
444 3264 522 3330 mihi
547 3265 663 3342 obsint,
689 3284 781 3346 quem
805 3266 959 3329 nescirem
983 3265 1045 3329 nisi
1068 3272 1099 3329 te
1119 3267 1334 3348 quaesissem?
1359 3268 1387 3331 si

251 3372 328 3435 tona
351 3372 421 3435 eius
444 3369 521 3433 mihi
550 3374 680 3451 possent
705 3370 866 3453 prolicere,
893 3371 1014 3434 iustum
1043 3369 1203 3436 uideretur
1227 3359 1317 3449 forte,
1350 3377 1386 3436 ut

253 3482 282 3539 ct
305 3476 390 3540 mala
418 3476 487 3539 eius
514 3475 663 3539 obessent
690 3475 776 3538 milri.
805 3475 861 3539 sed
893 3475 978 3539 sicut
1008 3476 1090 3540 bona
1120 3477 1200 3551 eius,
1233 3477 1260 3540 si
1293 3476 1386 3540 dubio

199 3605 231 3648 n
253 3580 462 3657 credidissem,
486 3581 563 3644 nihil
582 3582 750 3664 proderant
768 3581 858 3658 mihi,
876 3582 922 3645 ita
939 3587 972 3645 et
989 3582 1072 3645 mala
1089 3581 1158 3645 cias
1176 3580 1257 3644 nihil
1274 3581 1386 3644 obesse

253 3686 325 3750 ruilni
348 3685 464 3750 debent
485 3687 564 3748 bene
588 3684 737 3749 credenti.
761 3703 820 3768 ego
844 3686 926 3749 enirn
950 3685 1056 3749 uerbis
1084 3685 1153 3749 eius
1180 3685 1272 3748 fidem
1302 3684 1384 3760 dedi,

254 3811 326 3873 quae
343 3809 363 3855 a
380 3795 413 3856 te
438 3791 509 3854 data
531 3791 679 3855 dicuntur
696 3809 838 3874 quaeque
861 3794 894 3856 te
911 3792 1075 3873 inspirant,
1094 3796 1126 3855 te
1144 3791 1326 3872 loquuntur,
1345 3792 1384 3854 de

253 3907 276 3962 te
297 3897 502 3982 promittunt;
534 3895 608 3959 huic
638 3896 675 3959 de
700 3915 734 3960 se
757 3896 837 3960 nihil
865 3895 981 3959 credidi
1009 3915 1065 3959 nec
1093 3896 1192 3979 gestis
1220 3895 1299 3973 eius,
1328 3897 1384 3960 sed

251 4003 327 4080 idei,
352 4021 434 4086 quae
458 4022 492 4066 er
517 4011 548 4065 te
572 4005 631 4076 est,
655 4021 706 4065 me
730 4001 897 4083 copulaui.’

199 4128 236 4173 aa
287 4112 341 4173 31.
363 4108 545 4174 Secundam
559 4108 641 4172 'hacc
656 4107 778 4191 integra
794 4111 845 4172 est
858 4126 952 4171 causa
971 4106 1134 4172 credentis.
1158 4105 1383 4171 aduocatorum

278 4370 381 4422 lauat
397 4369 427 4420 X
513 4385 566 4439 qua
585 4369 612 4420 P
699 4367 845 4422 traduntur
862 4367 890 4420 X
966 4367 1090 4420 ‘deberit
1107 4383 1158 4422 ona
1178 4366 1255 4434 (add.
1275 4370 1337 4434 alp.)
1354 4365 1386 4417 X

239 4456 312 4510 tnale
330 4455 387 4510 FB
457 4456 601 4511 inerintC
653 4457 718 4511 dau
736 4456 834 4525 malae}
854 4455 970 4509 animale
988 4455 1024 4518 lic
1042 4457 1123 4522 cras.)
1138 4455 1168 4506 Ν
1237 4455 1283 4524 qui
1302 4458 1382 4518 (corr.

236 4550 304 4614 que)
323 4543 356 4597 .'
393 4548 457 4598 liet
475 4548 568 4612 ierne.)
587 4544 687 4599 deuota
705 4543 743 4597 a!
792 4542 1025 4614 praecipientisC
1041 4544 1223 4612 percipientes
1239 4541 1269 4593 Χ
1282 4543 1382 4609 (com),

236 4631 295 4687 FB
378 4637 439 4686 tota
458 4634 481 4684 t'
551 4631 672 4686 icredit
691 4633 717 4687 P
796 4631 926 4700 reumquid
945 4634 1019 4699 (nuru
1038 4632 1068 4684 iu
1086 4631 1200 4698 o·us.)C
1268 4629 1381 4699 8prae·

235 4722 357 4791 cipienti
376 4722 400 4769 (Ι
478 4737 530 4789 qua
549 4721 576 4774 P
593 4737 663 4790 qqup
682 4724 771 4784 (corr.)
795 4725 817 4771 l)
908 4720 940 4772 10
958 4721 1075 4772 iniustus
1094 4719 1130 4771 ,ll
1204 4718 1336 4788 dispicere
1356 4717 1383 4770 X

240 4810 275 4862 12
294 4810 355 4879 aut]
373 4813 464 4863 autern
483 4808 511 4861 λ’
565 4812 599 4862 14
617 4809 677 4876 quis
696 4808 779 4861 Pn'n‘
850 4825 1010 4862 rae-causa
1028 4806 1129 4860 oocdl
1199 4805 1310 4876 dispicio
1331 4805 1383 4858 Cn·

242 4897 439 4951 itancestre
460 4897 636 4950 &antistites
655 4895 684 4948 λ’
700 4899 816 4950 analectis
836 4896 864 4948 X
941 4906 969 4949 te
985 4911 1028 4964 pr.
1048 4913 1099 4949 orn.
1121 4894 1150 4946 X
1221 4897 1252 4948 13
1270 4900 1382 4963 possent

242 4985 307 5038 inihi
325 4986 353 5037 Ρ
442 4985 477 5037 20
496 4984 666 5039 credidissem
685 4985 723 5053 (m
743 4986 773 5037 in
793 4989 860 5051 ras.)
879 4985 907 5036 λ’
1004 4984 1038 5037 2⁴2
1058 4985 1085 5053 a]
1106 4984 1139 5036 ad
1158 4984 1191 5035 ,11
1298 4999 1380 5052 quae·

242 5089 309 5141 «puae
326 5073 361 5126 J!
379 5089 506 5142 quaequp
526 5072 555 5123 X
645 5075 779 5142 inspirant
797 5076 835 5142 te]
855 5074 988 5142 inspirant
1005 5074 1033 5126 P
1049 5074 1198 5141 inspirante
1217 5072 1243 5124 ⁴l'
1338 5071 1378 5123 lo·

244 5166 357 5230 ‹puuutur
375 5178 430 5216 om.
450 5160 478 5211 P
494 5160 621 5228 loquutur
640 5160 675 5212 ll!
771 5163 806 5214 25
826 5177 907 5215 causa
926 5168 967 5213 est
987 5161 1038 5215 Gsl
1148 5160 1287 5213 credentes
1306 5162 1329 5224 (s
1348 5160 1379 5211 in

245 5252 302 5302 nul
318 5250 350 5303 λ’
