3275 6434
232 960 295 1022 462
496 952 665 1024 Appendix
684 954 916 1023 quaestionum
935 955 1010 1008 noui
1029 958 1106 1008 teet.

232 1149 315 1213 diem
337 1148 437 1213 futuri
460 1145 582 1220 indicii,
604 1148 721 1232 qnippe
744 1165 818 1212 curn
841 1148 946 1213 omnin
972 1148 1063 1232 signu
1089 1146 1218 1212 dederit
1249 1145 1371 1230 quande

232 1256 395 1338 speretur?
417 1252 499 1318 forte
522 1252 617 1318 etiem
640 1252 698 1317 hos
721 1251 846 1318 dinntnr
869 1271 942 1318 nere
966 1253 1096 1321 nescire.
1120 1253 1240 1337 quibus
1275 1251 1372 1317 dicet:

234 1377 335 1423 amen
360 1358 442 1423 dine
465 1357 585 1433 uobis,
604 1357 703 1439 quod
722 1357 849 1423 neseio
868 1377 944 1424 noe.
962 1377 1019 1423 nee
1038 1358 1181 1443 uirgines
1201 1356 1324 1423 etnltne
1341 1361 1373 1422 et

233 1463 414 1546 inprouidns
428 1462 551 1529 dicetur
568 1463 700 1532 nescire.
719 1463 793 1546 quin
812 1463 891 1529 dixit
908 1464 1005 1528 etism
1019 1500 1063 1511 -
1075 1464 1155 1549 ipsis
1175 1462 1372 1528 dicentibus:

235 1567 392 1644 demine,
416 1567 570 1639 domine.
590 1568 691 1651 uperi
712 1567 821 1634 nubis
837 1592 893 1632 -ε
909 1588 1011 1634 nmen
1031 1568 1115 1635 dieo
1134 1568 1261 1644 nobie,
1277 1568 1372 1651 quod
1396 1583 1408 1627 ι

234 1674 360 1738 neseio
388 1691 465 1738 nos.
492 1691 588 1738 eausa
615 1692 690 1757 ergo
717 1677 767 1739 eet
793 1682 831 1738 ut
857 1673 943 1739 dieat
969 1693 1003 1740 se
1032 1674 1155 1741 nescire
1184 1673 1274 1757 quod
1304 1674 1372 1738 scit

235 1778 371 1861 denique
394 1779 440 1843 sie
464 1779 522 1844 nit:
546 1779 708 1863 uigiluie
731 1780 870 1862 iisque,
895 1781 982 1863 quie
1003 1780 1164 1846 nescitis
1189 1798 1264 1861 qun
1283 1778 1373 1844 horn

236 1883 406 1948 domInns
441 1887 568 1949 nester
596 1889 777 1949 uenturus
805 1889 873 1950 esu
900 1887 937 1948 nt
965 1903 1038 1968 ergo
1066 1884 1224 1950 sollicitos
1256 1903 1315 1950 nos
1343 1891 1373 1949 et

235 1989 404 2071 uigilantes
426 1988 554 2065 iaceret,
572 1990 786 2074 interrogatus
809 1990 930 2056 nescire
953 2009 988 2055 ue
1010 1990 1090 2055 dixit
1106 1990 1192 2054 diem
1212 1995 1248 2055 et
1267 1990 1371 2055 horem

235 2094 335 2161 futuri
357 2095 478 2171 iudicii,
505 2095 561 2161 sed
583 2100 621 2161 ui
641 2094 733 2160 nobie
756 2096 932 2179 prodesset,
954 2097 1085 2180 negauit
1112 2115 1146 2161 ee
1176 2096 1260 2160 seire
1291 2096 1371 2178 quod
1388 2112 1410 2155 u

236 2202 307 2266 scis
328 2202 546 2286 ignorantibus
570 2219 643 2285 ergo
663 2201 753 2267 nobie
773 2201 850 2284 quid
868 2200 996 2284 prodest
1014 2202 1105 2267 nobie
1124 2238 1167 2249 -
1188 2203 1273 2266 seire
1293 2201 1372 2266 enim

237 2307 386 2373 nolumus
405 2307 499 2391 qued,
519 2307 546 2372 ei
565 2307 742 2383 ederimus,
761 2307 863 2372 oberit
881 2307 971 2372 nobis
990 2343 1044 2374 —.
1064 2306 1211 2374 Christus
1228 2304 1372 2394 [entend.

236 2412 380 2495 prunisor
402 2413 516 2477 salutis
539 2415 675 2490 uestrae,
699 2432 738 2477 ne
760 2413 943 2478 audiremus
966 2414 1050 2496 quod
1072 2416 1182 2478 unnim
1199 2431 1259 2478 nne
1280 2418 1373 2478 essen

239 2517 317 2582 dixit
338 2537 373 2582 se
396 2517 523 2583 nescire.
547 2516 709 2600 numquid,
733 2517 761 2581 si
784 2517 879 2582 elicui
903 2517 933 2582 in
962 2516 1069 2583 dolore
1097 2516 1204 2600 positu
1232 2515 1372 2600 gludinm

240 2624 391 2708 poscenti,
415 2627 452 2689 ui
473 2643 508 2689 se
530 2624 673 2706 perimat,
697 2624 751 2707 qni
774 2623 869 2688 hebet
890 2623 1079 2706 respondeat
1101 2642 1135 2688 se
1158 2642 1220 2688 non
1251 2622 1373 2693 habere.
1388 2636 1410 2679 ιι

240 2729 393 2794 mendacii
415 2728 595 2815 arguendus
614 2729 673 2793 erit
691 2748 819 2811 negans,
840 2728 933 2811 quod,
950 2730 978 2795 ei
997 2748 1057 2794 non
1076 2732 1182 2812 neget,
1201 2727 1287 2793 sciat
1305 2746 1373 2793 con-

240 2836 393 2900 tran-ium?

285 3045 481 3111 LXVIII:
504 3044 649 3109 LXXXII

329 3304 345 3358 3
364 3302 462 3357 uentu.
481 3303 525 3370 25,
547 3304 586 3356 12.
607 3302 639 3359 ci,
658 3300 722 3356 Luc.
743 3303 785 3370 13,
804 3302 839 3356 25
928 3301 1061 3354 511ιιι11.
1080 3301 1124 3360 25.
1144 3302 1175 3354 11
1280 3298 1374 3354 risun,

241 3391 336 3458 25,12
391 3390 523 3446 ruauh.
541 3392 585 3451 24.
603 3391 637 3444 ⁴2

276 3532 360 3586 2hoe
378 3533 462 3587 eciem
481 3532 513 3585 Κ
581 3532 697 3603 dicutur]
717 3531 833 3586 dicstD
892 3531 975 3602 dicet]
994 3531 1062 3585 dixit
1080 3530 1113 3584 Κ
1128 3531 1198 3585 dicit
1216 3549 1235 3585 a
1273 3530 1375 3602 3quod

241 3637 291 3674 om.
311 3621 342 3674 Κ
411 3620 596 3675 ddiciturK
681 3621 793 3690 nescire]
813 3620 950 3674 scireKu
1020 3620 1137 3690 5qn0dl
1157 3621 1222 3689 quin
1241 3619 1275 3673 K
1289 3636 1374 3675 nm

242 3709 369 3778 viteque
386 3725 437 3764 om.
456 3708 506 3761 Ka
585 3709 711 3763 ducetur
728 3724 779 3761 um.
799 3709 832 3762 Κ
919 3709 1020 3777 estlin
1038 3725 1093 3762 rus.
1113 3708 1146 3761 Κ
1166 3711 1204 3763 nit
1222 3725 1242 3761 u
1313 3709 1374 3760 ese

242 3798 343 3850 nescire
362 3796 392 3849 K
481 3799 511 3850 ll
532 3798 618 3866 prosit
636 3795 685 3849 Ka
774 3797 858 3865 enirn]
883 3797 991 3850 omniuo
1010 3812 1029 3849 u
1120 3794 1152 3848 12
1171 3799 1263 3849 nutem
1281 3796 1375 3849 seelera·

243 3884 275 3938 13
295 3885 377 3953 esset]
397 3888 439 3938 est
456 3882 488 3938 Κ
