3275 6434
234 1035 299 1100 306
633 1029 731 1083 Liber
749 1034 978 1098 quaestionum

279 1223 309 1288 7.
338 1220 401 1289 Sed
424 1240 463 1287 ns
489 1222 570 1288 forto
592 1221 666 1288 binc
686 1221 754 1288 illis
775 1222 870 1288 stulti
893 1221 1067 1300 uideamur,
1091 1221 1167 1305 quia
1191 1221 1242 1288 lex
1271 1227 1379 1294 nosue

235 1328 428 1407 entitatem,
455 1326 714 1407 misericordiam,
745 1327 970 1393 continentiam
997 1327 1166 1413 praedicat.
1191 1327 1278 1412 apud
1303 1328 1377 1395 illos

235 1435 319 1500 euim
341 1433 419 1499 baec
442 1433 543 1500 stulta
564 1438 649 1511 suut,
672 1433 747 1517 quia
776 1434 879 1500 omnia
907 1433 1010 1499 bouus
1032 1434 1115 1499 rnalo
1140 1433 1244 1499 malus
1272 1438 1325 1499 eat
1345 1438 1377 1499 et

235 1539 373 1623 prudeus
397 1539 498 1605 stulto
520 1540 699 1606 insensatus
724 1543 782 1604 est
803 1559 877 1605 uam
896 1539 927 1604 in
946 1543 1070 1605 tantm
1090 1541 1273 1606 castitatem
1292 1557 1376 1605 eras·

236 1648 372 1724 orantur,
386 1648 425 1710 ut
437 1644 532 1710 etiarn
547 1645 667 1710 ciuedis
685 1644 882 1711 delectentur
899 1645 1081 1730 magisterio
1098 1664 1208 1711 eorum
1228 1644 1375 1723 subiecti,
1399 1665 1414 1710 s

236 1751 292 1835 qni
315 1751 376 1816 nisi
398 1751 480 1816 tales
502 1750 628 1825 ineunt.
651 1750 756 1816 idonei
778 1769 841 1817 nou
865 1755 957 1817 amnt
977 1751 1051 1835 ipsi,
1076 1751 1104 1816 si
1122 1751 1293 1817 dicendum
1317 1757 1375 1829 est

235 1856 393 1942 religioni.
415 1860 582 1941 propterea
599 1857 683 1922 euim
702 1857 909 1924 absciduntur
931 1860 964 1924 et
986 1857 1130 1924 habitum
1152 1858 1323 1934 innatant,
1342 1866 1376 1924 ut

238 1962 277 2028 ds
298 1962 377 2028 uiris
401 1963 492 2044 quasi
514 1958 649 2028 sominae
666 1962 744 2028 baut
765 1967 799 2028 et
820 1967 930 2029 contra
947 1967 1088 2030 naturam
1109 1963 1246 2030 subiecti
1265 1965 1375 2030 mulie

237 2067 307 2133 bria
338 2069 507 2151 patiantur,
535 2072 573 2133 ut
599 2074 676 2133 tnnc
709 2067 836 2135 demum
870 2069 936 2151 apti
963 2073 997 2135 et
1023 2069 1111 2155 digni
1144 2070 1210 2136 siut
1240 2070 1376 2137 ministri

239 2173 473 2257 superstitionis
499 2174 636 2240 illorum.
664 2173 818 2257 numquid
850 2175 991 2241 accusari
1019 2180 1126 2258 potest
1152 2175 1249 2241 buius
1280 2175 1374 2251 modi,
1388 2189 1413 2234 u

238 2298 333 2362 quem
356 2280 405 2345 lor
427 2279 505 2345 lacit
522 2281 641 2345 talem?
662 2278 734 2345 ideo
753 2280 837 2346 enirn
855 2280 973 2346 amisso
993 2281 1053 2346 uiri
1072 2285 1105 2346 et
1123 2284 1197 2346 actu
1216 2286 1251 2347 et
1268 2282 1376 2348 habitu

238 2384 271 2450 in
294 2385 460 2451 mulierem
482 2386 735 2465 bansiormatun
757 2388 796 2451 ut
816 2386 949 2452 licenter
969 2385 1136 2451 muliebria
1158 2388 1310 2469 patiatur.

284 2491 315 2555 8.
325 2488 413 2570 Quae
423 2510 497 2576 ergo
508 2493 906 2576 putanturessemysterie,
916 2492 971 2557 ubi
981 2491 1162 2557 dehoneste
1175 2492 1375 2559 ioboucstum

240 2598 278 2664 lit
307 2602 341 2663 et
362 2596 401 2662 de
423 2598 603 2679 incorrupto
627 2600 821 2679 corruptum,
844 2615 915 2662 cusu
941 2597 992 2662 hic
1016 2598 1060 2662 sit
1081 2617 1155 2663 uere
1179 2599 1287 2663 cultus
1309 2599 1376 2664 reli·

240 2704 355 2790 gineis,
390 2705 429 2767 ut
459 2701 498 2767 de
525 2702 671 2785 turpibus
699 2701 850 2767 honestos
881 2700 978 2767 iaciat
1008 2706 1041 2767 et
1068 2701 1107 2767 de
1134 2702 1376 2786 indisciplinatis
1390 2720 1416 2764 u

241 2808 425 2875 modestos?
448 2825 510 2891 quo
534 2807 626 2872 modo
650 2808 787 2872 cultores
811 2808 880 2872 eius
903 2807 1019 2871 aemuli
1039 2812 1171 2890 possunt
1189 2827 1261 2873 esee
1280 2808 1377 2875 bonae

241 2916 338 2992 uitae,
357 2914 481 2996 qnando
500 2914 650 2996 mysteria
671 2913 753 2998 legis
777 2933 885 2978 eornm
909 2914 977 2977 sine
1001 2913 1120 2978 oinedis
1144 2915 1296 2979 celebrari
1321 2934 1376 2980 uon

242 3019 436 3103 possuntlsi
451 3037 525 3102 ergo
539 3019 588 3083 lex
603 3037 709 3083 eorum
725 3019 775 3083 his
789 3018 975 3096 delectatur,
986 3021 1198 3102 peccatorerit
1213 3024 1246 3083 et
1259 3021 1378 3086 stultus

243 3126 389 3210 quisquis
404 3144 463 3190 non
478 3125 574 3190 fuerit
587 3125 671 3190 talis.
690 3125 823 3206 ideoque
839 3125 956 3188 stultos
976 3143 1032 3189 nos
1051 3125 1220 3207 appellant.
1241 3126 1379 3192 colentes

244 3234 326 3298 enim
347 3231 423 3296 haec
441 3231 546 3314 turpia
568 3231 737 3312 prudentes
756 3232 795 3295 ab
815 3232 865 3295 his
884 3231 1073 3306 indicantur,
1098 3232 1254 3296 enitentes
1275 3237 1378 3297 autem
1393 3244 1419 3288 ι)

244 3342 276 3403 ot
290 3336 448 3426 fugientes
468 3336 569 3400 stulti.
588 3334 672 3419 quod
692 3336 818 3418 quidem
838 3336 952 3402 callide
967 3341 999 3399 et
1017 3341 1122 3400 astute
1137 3336 1175 3398 ab
1195 3336 1275 3420 ipsis
1294 3337 1379 3402 uide

244 3448 296 3508 tur
310 3446 463 3525 aptatum.
477 3441 593 3506 idcirco
609 3443 692 3507 onim
706 3443 770 3526 legi
785 3461 860 3507 suae
875 3441 1036 3524 adplicant
1053 3460 1165 3507 nomeu
1186 3442 1381 3524 prudentiae,

244 3553 282 3613 ut
304 3550 473 3630 contegant
494 3547 752 3629 reprehensibilia
777 3548 857 3624 eius,
886 3548 970 3629 quia,
995 3546 1049 3609 ubi
1073 3545 1252 3628 prudentie,
1284 3566 1381 3630 repre·

244 3654 355 3719 hensio
387 3653 473 3717 nulla
501 3658 560 3717 est.
588 3657 726 3718 nostram
759 3656 865 3718 autem
895 3653 998 3736 legem
1030 3653 1162 3717 stultam
1197 3653 1319 3722 dieunt.
1347 3659 1382 3718 ut

246 3759 432 3842 prohibeant
454 3759 492 3822 ab
516 3778 561 3823 en.
587 3758 641 3823 aed
666 3758 800 3823 sublatis
821 3758 1000 3822 nominibus
1020 3757 1205 3840 prudentiae
1225 3762 1258 3822 et
1278 3759 1381 3823 stulti·
1397 3775 1429 3832 es,

244 3866 308 3929 tiae
338 3869 370 3928 et
394 3865 542 3928 submota
565 3864 648 3928 omni
673 3861 802 3940 inuidia,
831 3882 923 3945 quam
948 3863 1031 3946 parit
1054 3863 1195 3927 defensio
1220 3863 1383 3928 ambarum

245 3970 395 4055 partium,
420 3970 506 4054 ipsae
529 3968 617 4052 leges
640 3969 721 4032 inter·
745 3986 778 4031 se
807 3967 987 4050 confligant,
1017 3972 1053 4031 ut
1081 3973 1230 4051 appareat
1259 3970 1313 4033 nbi
1344 3971 1385 4033 sit

245 4074 411 4159 prudentia
441 4085 473 4139 et
499 4074 554 4139 ubi
578 4073 726 4139 stultitia.
751 4072 806 4137 sed
825 4078 989 4155 praesente
1008 4074 1098 4157 signo
1119 4075 1222 4138 crucis
1242 4075 1384 4139 obmute-

158 4281 250 4352 etgar
283 4280 514 4334 leontinentiunn
533 4281 568 4335 Μ
621 4278 823 4349 praedicautG
866 4279 975 4349 iouia]
996 4281 1041 4349 qui
1060 4279 1098 4333 b!
1139 4279 1385 4336 aidilecteuturX

247 4370 263 4423 b
283 4368 304 4420 si
325 4384 375 4421 nm.
395 4368 422 4420 P
482 4370 499 4421 8
518 4366 550 4420 de
569 4367 646 4436 uiris]
667 4365 767 4436 uideris
788 4366 812 4419 0
881 4367 947 4421 liant
966 4372 995 4421 et
1012 4375 1106 4421 eobtn
1123 4373 1248 4421 naturam
1268 4369 1382 4423 subiecti

247 4455 389 4508 muliebria
407 4471 457 4511 oni.
478 4455 508 4508 X
577 4458 594 4509 9
612 4455 729 4509 ministri
748 4454 803 4507 sint
822 4455 848 4507 Ρ
914 4455 947 4509 10
966 4455 1172 4524 superstitiones
1193 4454 1228 4522 θ,
1247 4458 1382 4522 (curris

247 4543 320 4597 modi
338 4558 388 4598 om.
408 4544 436 4596 N
491 4545 524 4598 13
544 4545 617 4613 ergo}
637 4560 702 4611 rogo
722 4543 749 4596 P
801 4543 834 4595 u'e
852 4542 955 4598 ocal!
1008 4544 1041 4596 14
1058 4544 1131 4612 uere]
1150 4560 1211 4597 aere
1230 4544 1268 4597 Μ
1285 4547 1384 4613 (com).

251 4630 304 4684 ΘΔ
323 4646 366 4683 ere
385 4630 439 4683 ΕΒ
500 4631 532 4684 16
550 4630 646 4700 bonae]
667 4632 734 4701 benig
755 4630 780 4684 G
799 4629 867 4684 beno
886 4632 910 4683 A
930 4633 1022 4697 (corr)
1079 4631 1115 4684 20
1133 4630 1289 4686 iudicentur
1307 4632 1344 4699 t?)
1364 4631 1386 4686 0

248 4716 452 4771 blestinen
538 4717 634 4771 sstnde
659 4719 689 4770 X
775 4719 810 4771 22
833 4716 903 4786 legis
927 4717 983 4771 PE
1068 4718 1103 4772 23
1126 4717 1275 4787 prudentia
1298 4727 1341 4773 est
1361 4719 1389 4774 P

248 4806 283 4858 25
302 4805 421 4858 stultitia
439 4805 469 4858 N
512 4806 545 4859 a?
567 4806 692 4874 partium]
712 4821 764 4859 om.
783 4806 810 4858 P
827 4812 949 4876 paratum
969 4807 1001 4861 N
1058 4804 1174 4875 legisG
1216 4806 1252 4861 28
1271 4807 1382 4878 pruden-

250 4895 305 4946 tiea
324 4893 359 4946 M
377 4894 533 4962 prudentiae
555 4893 578 4947 0
648 4894 815 4948 obmutescat
835 4894 862 4946 P
877 4894 1035 4949 obiuutiscit
1051 4893 1089 4948 M
1104 4893 1271 4949 obtumescit
1288 4895 1321 4949 X
