3275 6434
1311 1456 1461 1529 Cap.
1494 1457 1698 1515 van
1731 1458 1983 1518 a-Lxx
2020 1460 2073 1516 1.
2689 1465 2827 1532 403

429 1661 440 1707 ι
544 1648 861 1716 LXVIIII.
899 1648 1340 1717 SALUA'I'OR
1370 1652 1542 1719 ΔῙΤε
1581 1651 1754 1733 ‘QUI
1788 1651 1969 1719 NON
2003 1652 2508 1734 RELIQUERI'I'
2544 1653 2827 1722 om

546 1753 753 1831 SUA'‚
813 1754 904 1820 ID
959 1753 1112 1821 EST
1164 1754 1483 1822 nomm
1543 1757 1651 1823 ΕΤ
1703 1757 2007 1825 AGRUM
2063 1759 2171 1824 ΕΤ
2224 1757 2569 1838 omma,
2621 1759 2824 1830 ‘Non

545 1857 863 1926 ΡΟΤΕΒΤ
897 1858 1128 1927 MEUS
1164 1860 1662 1930 DISCIPULUS
1697 1860 1924 1930 Bssm’
1956 1863 2063 1929 ΕΤ
2088 1861 2422 1931 coum
2447 1864 2821 1933 Bumen-

539 1964 815 2033 LlS'l'A:
852 1965 1177 2044 ‘nume
1201 1966 1292 2033 IN
1295 1966 1516 2049 Qtn‘r,
1545 1965 1875 2034 ‘108131’11
1898 1969 2012 2034 AB
2038 1969 2536 2046 alimmum,
2574 1967 2825 2037 HOMO

472 2088 504 2133 e
542 2071 815 2150 DIUE'&
862 2071 1013 2153 QUI
1058 2072 1162 2138 ΕΤ
1208 2071 1393 2140 ῙΡΒΕ
1438 2072 1935 2141 DISCIPULUS
1979 2074 2201 2142 ΕΒΔΤ
2252 2073 2467 2155 lusu,
2522 2075 2824 2143 mno-

538 2177 758 2245 TANS
793 2175 1155 2245 REGNUM
1190 2178 1384 2244 ΠΕΡι
1422 2178 1631 2260 QUID
1669 2177 1823 2245 ΕΒΤ
1859 2179 1971 2247 ΠΤ
2006 2179 2592 2250 EUANGELIS'I'A
2624 2180 2821 2249 PRO·

538 2281 960 2349 1211·me
1001 2281 1520 2351 DISCIPULUM
1553 2283 1759 2362 EUM,
1797 2283 2039 2365 QUEM
2084 2284 2524 2354 SALUA'I'OB
2564 2284 2824 2354 nma-

539 2389 734 2456 UI'I'?
777 2387 966 2455 ΝΛΜ
1011 2389 1117 2456 ΕΤ
1172 2388 1555 2456 ΖΑΟΗΕΠ8
1616 2390 1868 2458 DIUES
1913 2391 2132 2459 ΕΒΔΤ
2185 2391 2293 2458 ΕΤ
2346 2390 2823 2460 CORNELIUS

539 2492 963 2562 ΟΕΝΤΠΒΙΟ
1006 2493 1254 2562 DIUES
1290 2494 1397 2560 ΕΤ
1434 2495 1879 2575 ΜΠΙᾸΕΒΕΒ,
1917 2495 2144 2577 QUAE
2179 2497 2347 2564 ILLI
2382 2496 2823 2566 HINIS'I'BA·

443 2615 506 2660 ιο
1022 2599 1251 2666 BANT
1293 2600 1404 2665 ΒΕ
1450 2600 2085 2670 FACUL'I'A'I'IBUS
2132 2601 2341 2670 SUIS.

630 2740 818 2805 Hunc
847 2758 1104 2806 sensum
1132 2740 1353 2824 paucis
1380 2740 1663 2806 absoluit
1697 2743 2027 2824 apostolus
2071 2742 2319 2808 dicensz
2358 2743 2485 2827 qui
2520 2744 2821 2824 habent,

542 2847 761 2930 quasi
807 2862 947 2912 non
994 2844 1358 2911 habentes
1406 2846 1563 2912 sint
1616 2849 1711 2925 et,
1760 2847 1888 2930 qui
1933 2851 2256 2915 utuntur
2296 2848 2438 2915 hoc
2482 2851 2816 2930 saeculo,

542 2952 761 3036 quusi
817 2970 956 3017 non
1002 2955 1317 3016 utantur
1371 2955 1465 3026 et,
1513 2951 1643 3035 qui
1680 2956 1955 3029 emunt,
1991 2957 2368 3037 tamquam
2405 2972 2547 3020 non
2579 2955 2820 3038 possi-

540 3058 823 3124 dentes.
872 3057 981 3140 qui
1029 3074 1177 3142 ergo
1222 3057 1378 3122 haec
1425 3057 1519 3122 sic
1564 3056 1777 3137 habet,
1816 3058 1999 3142 quasi
2034 3076 2159 3125 non
2193 3058 2445 3138 habeat,
2479 3058 2821 3143 reliquisse

441 3179 502 3224 ιι
539 3162 814 3229 uidetur.
869 3162 1117 3246 quando
1165 3163 1331 3227 enim
1377 3181 1498 3229 non
1546 3164 1899 3247 praesumit
1942 3162 2020 3229 de
2064 3164 2166 3229 his
2222 3182 2428 3249 neque
2483 3181 2554 3229 se
2596 3164 2820 3245 iactat,

539 3268 655 3334 sed
724 3268 1053 3334 humiliter
1125 3266 1363 3333 incedit
1443 3286 1565 3333 non
1637 3271 1889 3334 tantum
1952 3267 2198 3347 habitu,
2276 3267 2390 3336 aed
2453 3271 2523 3335 et
2578 3273 2815 3349 mente,

540 3374 1036 3457 dispensatorem
1074 3392 1144 3438 se
1182 3360 1403 3438 harum
1439 3374 1507 3438 et
1539 3372 1904 3439 ministrum
1940 3372 2158 3440 datum
2195 3374 2571 3461 intellegens
2607 3376 2823 3442 omnia

541 3499 658 3546 sua
700 3479 1034 3563 reliquisse
1079 3479 1353 3545 uidetur.
1401 3479 1521 3544 hoc
1567 3479 1737 3543 enim
1771 3479 2045 3562 relinqui
2081 3478 2336 3559 dicitur,
2372 3478 2545 3566 qnod
2578 3497 2619 3546 a
2652 3479 2821 3548 deei-

540 3586 712 3652 derio
757 3583 998 3651 recedit
1041 3589 1108 3650 et
1150 3584 1419 3670 gratiam
1464 3603 1587 3651 non
1631 3584 1840 3650 habet

442 3847 500 3890 ao
537 3829 727 3896 Lxx.
767 3826 974 3907 QUID
1009 3826 1164 3893 EST
1201 3828 1313 3895 U'I'
1341 3826 1782 3895 SALUATOR
1807 3827 2062 3896 DICA'I'
2087 3829 2416 3896 ΜΔΒῙΔΕ
2445 3829 2818 3898 nomm

539 3934 637 3999 SE
708 3933 1102 4002 TANGERE
1176 3932 1450 4000 CAUSA
1524 3932 1856 4001 GAUDII:
1920 3932 2143 4000 ‘NOLI
2202 3934 2326 4000 ΜΕ
2388 3932 2811 4007 ΤΔΝΘΕΒΕ.

535 4038 907 4107 NONDUM
952 4039 1168 4105 ΕΝΙΜ
1212 4036 1576 4106 ASCENDI
1611 4040 1727 4106 AD
1764 4039 2148 4119 PA‘rnnnn
2197 4039 2378 4108 CUM
2418 4039 2815 4108 LEGATUR

536 4151 592 4211 A
649 4144 994 4212 CETERIS
1051 4144 1569 4213 MULIERIBUS
1625 4145 1730 4210 ΕΤ
1783 4144 2105 4212 TAC'I'US
2160 4145 2265 4211 ΕΤ
2316 4144 2814 4214 ADORA'I'US?

628 4286 1099 4372 1.1ndiguantis
1119 4287 1312 4353 uerba
1337 4291 1487 4352 sunt
1514 4286 1811 4353 dicentis:
1842 4287 1997 4353 noli
2024 4305 2136 4352 me
2162 4289 2489 4372 tangere.
2517 4286 2815 4371 quamuis

440 4411 498 4457 ιο
534 4393 702 4458 enim
750 4393 1136 4458 desideraret
1179 4393 1585 4471 saluatorem,
1630 4393 1775 4458 aliis
1819 4396 2031 4459 tamen
2086 4393 2609 4459 resurrectionem
2663 4393 2811 4458 eius

535 4498 937 4564 credentibus
983 4499 1137 4564 haec
1184 4498 1262 4562 ad
1309 4502 1787 4564 monumentum
1834 4499 2050 4564 stabat
2104 4500 2378 4582 plorans,
2434 4516 2627 4581 quam
2678 4497 2807 4564 iam

531 4605 809 4688 gaudere
845 4606 1224 4687 oportuerat.
1260 4604 1548 4670 audierat
1580 4605 1745 4670 enim
1783 4623 1821 4669 a
1854 4604 2133 4669 Iohanne
2169 4607 2236 4669 et
2269 4603 2458 4669 Petro
2496 4603 2805 4687 apostolis

713 4777 737 4829 1
781 4775 909 4830 Luc.
949 4775 1033 4843 14,
1068 4774 1139 4829 33
1245 4774 1282 4828 4
1314 4772 1511 4828 Matth.
1546 4773 1635 4838 27,
1673 4775 1759 4829 57.
1798 4772 1865 4829 cs.
1900 4773 2032 4829 Luc.
2059 4773 2148 4842 28,
2176 4773 2241 4828 51
2351 4772 2388 4827 9
2426 4771 2493 4827 cs.
2520 4771 2653 4827 Luc.
2688 4772 2741 4836 8.
2768 4772 2807 4828 8

533 4867 596 4920 11
639 4865 667 4918 Ι
704 4865 823 4921 Cor.
863 4866 911 4927 7.
951 4865 1037 4919 29.
1075 4864 1163 4918 31.
1201 4863 1272 4917 30
1431 4862 1518 4921 21.
1553 4863 1624 4919 24
1660 4863 1776 4919 Ioh.
1815 4864 1901 4931 20,
1942 4864 2004 4918 17
2176 4862 2247 4918 28
2284 4860 2352 4917 cs.
2390 4859 2584 4918 tatth.
2622 4862 2678 4932 9,
2712 4861 2809 4917 20.

530 4952 661 5006 Luc.
698 4953 748 5018 7,
785 4953 854 5006 38
960 4952 1031 5005 26
1069 4949 1139 5005 cs.
1177 4949 1293 5004 Ioh.
1331 4950 1417 5014 20.
1456 4950 1521 5004 11

607 5058 631 5111 1
673 5058 789 5127 qui]
824 5057 871 5111 ai
909 5056 1030 5127 quia
1068 5073 1106 5110 a
1214 5056 1246 5110 7
1283 5071 1405 5110 eum
1441 5053 1762 5126 discipulum
1802 5072 1842 5109 a
1946 5054 1981 5110 8
2007 5071 2099 5125 pr.
2135 5057 2195 5110 et
2228 5069 2333 5111 σοι.
2360 5052 2430 5109 1
2564 5051 2717 5109 diues
2745 5055 2807 5108 et

530 5145 785 5199 mulieres
829 5160 967 5214 quae
1011 5143 1094 5198 illi
1137 5143 1269 5211 (illia
1307 5148 1368 5203 a)
1412 5143 1795 5198 ministrabant
1838 5143 1906 5198 de
1947 5142 2303 5198 facultatibus
2339 5143 2455 5197 aui·
2487 5141 2591 5197 Ka
2624 5146 2683 5196 at
2716 5157 2804 5194 re·

526 5233 681 5303 liqna
705 5231 766 5286 D
911 5233 976 5286 17
1012 5231 1199 5286 datum
1235 5246 1340 5286 om.
1370 5247 1410 5284 a
1550 5231 1621 5286 28
1652 5246 1738 5301 pr.
1777 5233 1835 5286 et
1868 5246 1970 5286 oua.
1996 5230 2058 5285 D
2236 5237 2297 5284 et
2329 5229 2586 5285 adoratus
2609 5242 2714 5284 σοι.
2740 5225 2806 5282 D

527 5322 600 5376 ²5
635 5321 960 5376 saluatorem
998 5335 1101 5375 on.
1138 5317 1293 5388 (add.
1329 5334 1374 5374 ο.
1410 5319 1474 5385 1.)
1508 5318 1570 5374 D
2435 5319 2440 5326 '
