3275 6434
627 1477 752 1542 1⁰8
1420 1475 1615 1530 Liber
1652 1475 2114 1546 quaestionum

622 1669 747 1735 Lx.
786 1668 862 1736 81
899 1670 1082 1736 ‘LEX
1120 1670 1221 1736 m·
1257 1669 1692 1736 PROFETAE
1737 1668 2008 1750 USQUE
2045 1670 2160 1735 AD
2200 1668 2692 1752 IOHANNEM’,
2723 1670 2902 1753 Quo

627 1773 871 1841 MODO
927 1773 1370 1842 SALUATOR
1419 1775 1538 1840 AD
1593 1773 2129 1841 SAGERDOTES
2184 1775 2473 1841 ΜῙΤΤΙΤ
2538 1773 2904 1843 omn-:Bm

870 1983 878 1992 ι
937 1880 1292 1947 ΜΠΝΕΒΑ
1337 1878 1504 1946 PRO
1548 1879 2169 1947 EMUNDA'I'IONE
2217 1881 2576 1947 LEPRAE?

709 2021 846 2087 Hoc
912 2020 1165 2105 quidem
1231 2040 1351 2088 non
1414 2020 1541 2088 fuit
1601 2022 1929 2105 temporie,
1994 2020 2107 2086 sed
2171 2021 2249 2086 ud
2314 2021 2901 2088 condemnationem

621 2126 860 2194 sactum
924 2130 1026 2194 est
1085 2125 1489 2203 Iudaeorum,
1553 2129 1647 2207 nt,
1713 2146 1857 2193 cum
1922 2127 2214 2192 ueritatis
2277 2128 2526 2192 culmen
2586 2126 2899 2194 meliorati
2961 2146 2994 2190 s

620 2232 924 2317 temporis
984 2252 1104 2299 non
1171 2231 1612 2317 intellegerent
1674 2233 1753 2298 ad
1814 2233 2059 2297 lucrum
2126 2231 2352 2297 salutis
2418 2250 2572 2298 suae
2634 2232 2902 2306 factum,

620 2336 955 2404 inclinaret
998 2357 1068 2404 se
1112 2338 1351 2404 ueritas
1399 2337 1477 2403 ad
1522 2339 1993 2404 accusationem
2040 2356 2277 2403 eornm.
2323 2356 2468 2403 cnm
2513 2338 2679 2402 euim
2717 2338 2905 2404 uelut

620 2442 950 2514 inimicum
995 2442 1158 2528 legis
1202 2443 1509 2509 haberent
1551 2444 1954 2521 saluatorem,
2004 2443 2153 2527 quia
2196 2442 2662 2509 misericordiae
2707 2460 2903 2508 causa

620 2546 702 2614 ab
748 2567 929 2615 onere
973 2547 1122 2616 illos
1164 2547 1330 2633 legis
1375 2547 1634 2614 uolebat
1676 2548 1962 2626 liberare,
2010 2549 2180 2614 sicut
2222 2548 2613 2631 praedictum
2651 2553 2789 2614 erat
2823 2551 2901 2615 ab

621 2653 941 2720 Hieremia
967 2655 1212 2738 profeta
1237 2691 1322 2702 —
1350 2655 1442 2721 ait
1470 2656 1636 2721 enim
1663 2656 1826 2720 inter
1853 2660 2090 2721 cetera:
2113 2661 2191 2719 et
2219 2654 2359 2719 dab
2378 2673 2414 2720 o
2452 2655 2631 2720 illis
2660 2659 2901 2723 testa·
2939 2671 3001 2714 ιο

620 2763 970 2825 mentum
1017 2778 1329 2839 nouum,
1374 2778 1525 2826 non
1572 2761 1810 2844 quale
1848 2759 2027 2824 dedi
2067 2759 2443 2842 patribus
2484 2778 2754 2825 eorum
2793 2796 2903 2836 —‚

623 2871 776 2930 tunc
840 2866 1140 2941 sumator,
1206 2884 1284 2931 ne
1335 2865 1650 2939 inimicus,
1718 2866 1886 2931 sicut
1947 2866 2273 2948 putabant,
2349 2871 2674 2948 appareret
2735 2883 2905 2931 noua

624 2970 1011 3055 praedicans,
1059 2989 1223 3051 eum,
1277 2970 1386 3055 qui
1433 2969 1775 3035 mundatus
1831 2971 2036 3035 fuerat
2080 2989 2112 3032 a
2160 2971 2355 3054 lepra,
2410 2970 2490 3034 ad
2544 2971 2905 3037 sacerdotes

623 3075 805 3142 misit
847 3077 1068 3142 offerre
1112 3093 1372 3141 munera
1418 3095 1528 3159 pro
1592 3075 2034 3141 emundatione
2088 3095 2224 3155 sua,
2280 3075 2449 3142 sicut
2503 3080 2909 3160 praeceperat

622 3179 895 3266 Moyses.
942 3185 1008 3247 et
1051 3187 1124 3246 ιιι
1158 3181 1238 3246 ad
1275 3181 1741 3248 accusationem
1788 3200 2001 3246 eornm
2050 3180 2170 3247 hoc
2208 3181 2506 3264 proficere
2541 3184 2905 3259 testaretur,
2946 3198 2999 3241 ιε.

623 3286 701 3352 in
774 3286 1366 3365 testimoninm,
1441 3285 1664 3369 inquit,
1732 3286 1936 3364 illis,
2013 3290 2089 3351 nt
2153 3287 2215 3350 in
2279 3286 2517 3352 iudicio
2581 3286 2739 3352 haec
2804 3306 2905 3352 res

622 3393 842 3457 confi-a
883 3390 1030 3458 illos
1075 3391 1262 3458 testis
1310 3396 1499 3468 esset,
1548 3391 1660 3474 qui
1706 3393 2087 3458 saluatorem
2133 3392 2461 3457 inimicum
2514 3392 2680 3476 legis
2737 3392 2906 3458 dice-

624 3494 796 3563 baut.
844 3497 967 3564 hoc
1011 3500 1271 3563 secutus
1316 3502 1419 3563 est
1461 3501 1529 3562 et
1572 3497 1901 3581 apostolus
1947 3495 2208 3563 Paulus.
2256 3515 2398 3562 cum
2449 3498 2615 3563 enim
2661 3496 2908 3582 praedi-

498 3629 504 3637 ·
625 3605 798 3669 caret
839 3603 967 3668 iam
1021 3621 1141 3669 non
1196 3606 1482 3685 oportere
1539 3602 1929 3682 circumcidi,
1986 3603 2123 3687 ipse
2178 3603 2582 3669 Timotheum
2638 3603 2907 3669 circum-

623 3705 781 3774 cidit
822 3712 1078 3792 propter
1111 3705 1476 3773 scandalum
1513 3707 1889 3775 Iudaeorum
1930 3743 2017 3758 -
2051 3708 2281 3774 maluit
2314 3708 2482 3775 enim
2516 3725 2649 3773 rem
2686 3726 2907 3791 super·
2944 3723 2999 3768 no

624 3811 816 3880 fluam
843 3813 1071 3891 facere,
1101 3832 1288 3897 quam
1318 3814 1670 3879 tumultum
1707 3813 1963 3879 excitari
1990 3831 2029 3879 a
2054 3813 2233 3879 falsis
2273 3813 2570 3880 fratribus
2602 3850 2705 3893 —,
2732 3811 2907 3897 quod

624 3918 878 4002 quidem
924 3918 1119 3986 errori
1162 3919 1431 4003 profecit
1473 3918 1873 3986 Iudaeorum.
1928 3919 2085 3986 satis
2140 3919 2305 3985 enim
2360 3919 2452 3986 eis
2505 3918 2748 3986 factum
2803 3921 2907 3985 est

621 4021 701 4088 ad
743 4023 982 4099 horam,
1030 4042 1141 4106 per
1181 4023 1351 4107 quod
1393 4023 1455 4089 in
1503 4027 1877 4109 perpetuum
1914 4026 2208 4090 errarent.

803 4299 829 4353 1
868 4299 999 4354 Luc.
1037 4300 1122 4361 16,
1164 4300 1246 4354 16.
1284 4298 1353 4354 cf.
1391 4298 1588 4358 nuth.
1627 4292 1714 4367 11,
1753 4301 1818 4355 18
1927 4299 1961 4353 2
1998 4298 2067 4355 cf.
2103 4298 2301 4355 Hatth.
2339 4300 2392 4367 8,
2427 4301 2479 4354 4.
2518 4298 2683 4356 Kato.
2725 4300 2774 4364 1,
2811 4300 2899 4353 44.

624 4385 754 4441 Luc.
807 4386 860 4455 ὅ,
917 4387 984 4441 14
1157 4388 1224 4442 10
1276 4387 1423 4443 Hier.
1478 4388 1549 4444 88
1601 4389 1736 4457 (61),
1789 4388 1877 4443 sl.
1932 4387 2002 4443 82
2185 4388 2252 4442 14
2306 4387 2373 4442 cf.
2430 4386 2563 4445 Len.
2619 4387 2705 4450 14.
2764 4386 2902 4440 1—4

628 4474 695 4530 16
738 4473 935 4530 totth.
978 4478 1034 4540 8,
1076 4478 1128 4532 4.
1173 4475 1338 4531 Uare.
1390 4479 1436 4544 1,
1481 4478 1566 4533 44.
1616 4476 1743 4532 Luc.
1790 4475 1840 4540 5,
1893 4478 1958 4531 14
2158 4476 2224 4531 18
2270 4475 2337 4532 cf.
2378 4477 2497 4532 Act.
2543 4475 2631 4542 21,
2676 4476 2742 4529 21
2795 4479 2901 4535 οἱα

628 4562 695 4619 10
732 4563 853 4618 Act.
895 4565 977 4631 16,
1014 4565 1048 4618 3

451 4722 628 4791 ‘hs-P
697 4723 730 4774 2
768 4721 858 4792 ad]
898 4725 956 4776 et
991 4728 1172 4791 ‹mr-r.)
1214 4726 1261 4776 C
1462 4722 1652 4778 offerre
1692 4724 1752 4776 X
1871 4723 1906 4778 8
1940 4739 2161 4780 munere
2196 4727 2378 4805 (corr.)
2420 4722 2468 4778 0
2613 4723 2733 4792 pro]
2777 4726 2902 4792 post

623 4809 714 4864 uel
745 4825 844 4880 per
883 4810 931 4865 0
1067 4810 1417 4868 mundatione
1459 4811 1508 4866 G
1635 4814 1671 4866 4
1708 4812 2202 4868 contaminationem
2237 4813 2420 4882 (corr.)
2461 4809 2511 4864 C
2639 4812 2674 4863 5
2710 4808 2896 4864 melio-

625 4897 758 4952 ratis
798 4898 864 4952 N
890 4901 1088 4969 (corn),
1124 4901 1186 4953 X
1230 4907 1387 4970 (con.
1434 4903 1601 4970 Amss,
1637 4899 1713 4969 B)
1891 4902 1925 4954 9
1969 4899 2172 4955 honere
2212 4898 2274 4958 0.
2293 4899 2345 4952 A
2381 4901 2521 4967 (cop.
2560 4904 2610 4953 et
2645 4913 2787 4953 eras.
2824 4898 2899 4966 h),

625 4985 828 5042 bonore
887 4989 939 5043 θ
987 4993 1192 5056 (com),
1246 4989 1301 5042 Β
1352 4999 1507 5054 (οων.
1564 4991 1679 5055 ma>
1885 4988 2006 5057 iege
2058 4986 2127 5042 N
2321 4986 2581 5041 liberaret
2622 4989 2808 5055 (corr.)
2857 4985 2905 5041 0

630 5072 699 5130 10
723 5073 981 5131 hieremie
1010 5077 1059 5126 (ἲ
1195 5074 1495 5148 prophetea
1523 5076 1572 5130 G
1679 5077 1744 5130 12
1780 5091 1976 5130 nouam
2008 5075 2114 5130 GA
2228 5077 2293 5130 14
2330 5089 2547 5130 munere
2589 5073 2640 5130 0
2743 5090 2897 5146 prae·

628 5161 834 5231 ciperat
869 5161 971 5217 00
1101 5165 1165 5216 15
1201 5165 1402 5234 moysis
1437 5162 1511 5217 M
1648 5163 1937 5234 praeficere
1970 5161 2038 5217 Ν
2159 5164 2224 5219 16
2261 5178 2347 5217 res
2383 5162 2594 5232 contra]
2632 5166 2818 5217 nestra
2855 5161 2903 5217 0

631 5249 700 5303 19
733 5249 981 5305 οἰῐοαοίᾶί
1015 5251 1089 5306 Μ
1268 5252 1374 5323 ipsi
1416 5254 1462 5301 1'
1600 5250 1673 5307 20
1707 5251 2032 5322 superfluum
2075 5251 2123 5305 Ο
2277 5251 2343 5305 21
2385 5265 2545 5319 qnam
2583 5249 2897 5319 tumultum]

630 5339 886 5407 quantum
922 5337 1148 5393 multum
1191 5339 1240 5393 G
1379 5355 1411 5393 a
1445 5356 1548 5393 om.
1586 5339 1650 5394 N
1750 5340 1820 5395 22
1857 5339 2070 5410 proiicit
2110 5337 2218 5394 ΟΧ
2669 5351 2677 5359 ·
