3275 6434
1303 1445 1454 1520 Cep.
1489 1446 1548 1503 11
1581 1446 1943 1503 2-xxxv11
1978 1449 2031 1504 2.
2680 1449 2811 1516 421

516 1646 715 1725 petua
769 1641 903 1707 nita
957 1641 1412 1723 praestabitun
1466 1641 1685 1727 impiis
1738 1660 1912 1720 uero,
1964 1641 2076 1726 qui
2130 1640 2318 1708 deum
2377 1641 2641 1708 crimina
2696 1660 2816 1708 sus

517 1749 964 1831 scelerumque
990 1747 1231 1813 nescire
1268 1746 1619 1813 docuerunt
1656 1765 1900 1828 arcuna,
1936 1746 2104 1832 iguis
2140 1747 2399 1812 flemma
2434 1765 2814 1814 consumens

520 1852 1014 1936 incendiumque
1060 1872 1312 1936 semper
1355 1854 1722 1920 indeficiens
1767 1853 2251 1920 ministrabitur.

620 2062 925 2127 111-xl1
969 2089 1056 2121 =
1103 2062 1346 2128 11—x1

460 2190 488 2231 ⁵
618 2168 775 2233 XIII
819 2194 906 2225 =
953 2168 1191 2234 XXXV

616 2269 1162 2340 xlm-xxxvl
1204 2301 1294 2333 ==
1341 2274 1861 2340 XII—XXXIIII

429 2508 434 2543 ι
522 2482 842 2548 XXXVII.
873 2483 1041 2550 cUR
1072 2482 1287 2551 DEUS
1318 2481 1582 2549 DIXITz
1612 2481 1810 2550 ‘NON
1848 2481 2398 2549 PEBMANEBIT
2434 2480 2816 2551 SPIRITUS

523 2586 756 2655 Maus
819 2589 911 2654 IN
972 2587 1454 2656 HOMINIBUS
1525 2587 1759 2670 18'1'18,
1831 2587 2036 2669 QUIA
2110 2586 2331 2655 SUNT
2396 2587 2639 2666 ΟΔΒΟ,
2710 2588 2819 2655 ΕΤ

764 2694 1046 2762 ERUNT
1092 2694 1302 2761 ANNI
1345 2692 1729 2761 ILLORUM
1774 2693 2124 2761 omum
2171 2691 2567 2760 UIGINTI’?

435 2861 488 2905 ιο
619 2837 676 2900 1.
715 2834 874 2902 Cum
922 2834 1213 2920 gigantes
1250 2839 1466 2902 essent
1499 2835 1630 2901 illis
1669 2833 1896 2900 diebus
1935 2852 2126 2919 super
2159 2837 2390 2899 terram
2426 2833 2714 2918 pestiferi
2752 2838 2819 2902 et

527 2941 806 3025 superbi,
863 2960 901 3006 a
950 2940 1410 3029 magnitudinis
1468 2944 1717 3007 statura
1779 2939 1953 3019 elati,
2016 2943 2167 3025 post
2231 2938 2543 3005 desideria
2608 2940 2817 3007 carnis

525 3051 775 3124 euntes,
828 3045 960 3112 nati
1024 3049 1369 3131 apostatae,
1434 3049 1608 3126 tnnc,
1676 3064 1820 3112 cum
1886 3043 2255 3130 displiceret
2318 3045 2460 3124 deo,
2522 3045 2822 3131 promisit

524 3171 730 3239 genus
773 3151 1101 3218 hominum
1158 3152 1402 3218 diluuio
1460 3150 1819 3218 deleturum
1877 3153 1943 3217 et
1994 3155 2248 3236 tempus
2305 3151 2551 3228 statuit,
2608 3155 2701 3230 ut,
2759 3152 2817 3219 si

527 3256 674 3340 quis
720 3257 884 3323 forte
931 3255 1148 3324 sudits
1189 3257 1285 3323 irs
1326 3258 1427 3324 dei
1474 3262 1541 3323 et
1590 3256 2023 3342 indignatione
2084 3275 2279 3342 snper
2321 3257 2445 3324 hoc
2490 3256 2687 3324 uellet
2745 3276 2816 3324 se

433 3388 488 3433 u»
527 3363 861 3448 corrigere,
888 3362 1150 3428 haberet
1184 3362 1462 3447 spatium
1499 3360 1871 3429 emendandi
1909 3381 1998 3428 se.
2035 3360 2303 3446 denique
2342 3364 2596 3428 centum
2632 3362 2815 3429 annis

526 3486 673 3533 arcs
717 3467 838 3534 hac
881 3468 1124 3534 ratione
1167 3467 1425 3534 uidetur
1465 3467 1791 3536 fabricatu.
1850 3472 1997 3535 ante
2051 3486 2233 3535 arcae
2291 3472 2505 3535 sutem
2558 3467 2814 3535 inchoa-

523 3573 765 3639 tionem
814 3573 1048 3660 uiginti
1093 3572 1238 3640 enni
1284 3574 1484 3641 fuisse
1529 3573 1959 3656 perhibentur.

619 3681 678 3745 2.
709 3677 834 3746 Sed
862 3680 1134 3746 narratio
1163 3672 1361 3759 istud,
1391 3679 1561 3764 quod
1587 3682 1932 3764 postqum
1960 3678 2037 3745 de
2064 3697 2325 3745 numero
2355 3698 2656 3746 annorum
2675 3678 2815 3745 Noe

525 3785 687 3851 dixit
720 3774 1013 3862 subiecit,
1051 3785 1390 3853 obscurare
1417 3784 1695 3852 uidetur.
1731 3803 1876 3851 nam
1912 3784 2067 3851 haec
2105 3783 2436 3866 sententis,
2473 3788 2810 3868 antequem

429 3917 489 3963 ιο
525 3891 1016 3975 quingentorum
1062 3909 1367 3957 annorum
1415 3893 1587 3957 esset
1630 3891 1789 3971 Noe,
1836 3889 2188 3956 dinoscitur
2238 3889 2389 3956 lats.
2443 3888 2598 3974 quid
2644 3890 2812 3955 euim

525 3996 728 4062 dicit?
753 4015 894 4062 non
932 3996 1402 4080 permanebit
1438 3995 1768 4081 spiritus
1806 4014 2014 4063 meus
2050 3994 2124 4061 in
2151 3994 2586 4062 hominibus
2613 3994 2814 4062 istis.

523 4105 858 4188 propterea
875 4107 941 4169 et
957 4102 1253 4180 subiecit,
1272 4102 1424 4187 quis
1451 4100 1699 4169 malitia
1722 4102 1995 4169 increuit
2020 4120 2212 4186 super
2228 4106 2495 4169 terrum:
2524 4101 2811 4168 deleam

523 4208 898 4275 hominem
927 4227 965 4274 s
988 4209 1186 4275 facie
1212 4211 1458 4276 terrae
1486 4226 1725 4292 usque
1756 4207 1843 4273 ad
1863 4227 2113 4292 pecus,
2133 4207 2305 4292 quod
2323 4206 2547 4291 utique
2565 4206 2811 4273 diluuio

524 4313 694 4380 facto
737 4314 1073 4398 impletum
1130 4317 1244 4381 est.
1300 4332 1445 4380 nem
1499 4318 1567 4380 st
1618 4317 1771 4399 post
1824 4312 2138 4380 diluuium
2195 4313 2421 4379 multis
2466 4312 2649 4379 annis
2702 4312 2812 4379 ho·

429 4446 488 4491 a
520 4420 729 4486 mines
757 4420 991 4486 uixisse
1026 4419 1433 4486 meminimus
1471 4423 1538 4485 et
1572 4419 1780 4485 Aaron
1815 4419 2008 4486 frater
2040 4417 2248 4503 Moysi
2285 4421 2539 4486 centum
2575 4418 2811 4505 uiginti

523 4526 620 4592 ΠΙ
668 4526 848 4592 annis
904 4525 1140 4592 uixisse
1195 4531 1599 4591 memoratur.
1651 4526 1792 4610 ipse
1847 4528 2060 4590 autem
2113 4523 2371 4609 Moyses
2426 4526 2503 4590 ut
2555 4527 2811 4590 centum

707 4683 739 4737 7
777 4678 910 4737 Gen.
947 4681 1000 4750 6,
1034 4682 1069 4737 8
1147 4682 1214 4737 10
1250 4680 1320 4738 cf.
1358 4680 1493 4738 Gen.
1529 4684 1584 4748 6,
1616 4683 1657 4735 4
1746 4680 1817 4737 12
1852 4679 1920 4737 cf.
1959 4678 2095 4736 Gen.
2131 4681 2185 4750 6,
2222 4680 2292 4737 18
2328 4697 2448 4752 sqq.
2559 4678 2811 4735 15-17?

528 4771 596 4825 19
633 4767 703 4825 cf.
739 4769 874 4825 Gen.
912 4772 962 4832 5,
999 4768 1067 4824 81
1214 4768 1287 4824 20
1322 4769 1390 4824 cf.
1428 4767 1564 4826 Gen.
1602 4770 1655 4837 6,
1694 4769 1720 4823 1
1871 4767 2005 4824 Gen.
2042 4770 2094 4833 6,
2130 4768 2165 4823 8
2297 4769 2369 4823 22
2405 4766 2474 4823 es.
2514 4766 2647 4822 Gen.
2683 4768 2737 4834 6,
2773 4769 2810 4821 5

525 4857 662 4913 Gen.
698 4857 752 4925 6,
788 4858 820 4912 7
929 4857 1001 4914 25
1036 4856 1109 4913 et.
1143 4857 1308 4914 Num.
1343 4857 1432 4923 88.
1468 4857 1541 4913 89

600 4984 626 5036 1
668 4980 872 5036 seelera
906 4997 1006 5036 sus
1041 4980 1432 5052 criminumque
1469 4996 1508 5035 α
1686 4981 1723 5036 2
1756 4979 2150 5050 scelerumque]
2187 4979 2498 5050 scelereque
2532 4981 2721 5045 (corr.)
2748 4977 2813 5033 D

525 5072 557 5124 7
595 5068 748 5126 diest
782 5085 821 5124 α
943 5069 980 5124 8
1016 5073 1076 5123 et
1112 5073 1271 5125 erunt
1303 5084 1408 5124 on.
1446 5085 1485 5124 α
1607 5069 1643 5124 9
1679 5067 1901 5139 uiglnti]
1940 5066 2072 5123 αδδ.
2109 5071 2212 5125 etc.
2252 5084 2291 5123 α
2416 5067 2486 5123 10
2521 5072 2655 5123 ante
2688 5081 2808 5122 cum

521 5158 729 5214 habent
765 5173 860 5212 cur
894 5163 1039 5224 (cum
1075 5155 1160 5227 K)
1207 5156 1340 5212 deus
1387 5155 1523 5212 dixit
1564 5172 1677 5212 non
1720 5154 2062 5228 permanebit
2095 5155 2319 5227 spiritus
2353 5170 2507 5211 meus
2549 5152 2705 5226 (αδδ.
2751 5158 2813 5209 et

523 5249 706 5302 cetere
733 5245 820 5308 K)
854 5244 981 5301 ΒΚ
1118 5243 1189 5301 18
1221 5244 1514 5300 humanum
1550 5261 1592 5299 α
1736 5244 1805 5301 14
1839 5243 1922 5298 ire
1957 5242 2046 5298 dei
2082 5241 2272 5300 audite
2306 5259 2345 5298 α
2477 5242 2550 5299 20
2585 5238 2733 5313 quod
2768 5257 2810 5295 α

521 5334 593 5389 22
630 5332 825 5389 delebo
854 5349 893 5388 α
933 5362 939 5367 -
999 5333 1069 5388 26
1102 5332 1189 5388 111
1222 5333 1422 5404 scripse·
1453 5337 1568 5388 tres
1603 5330 1766 5387 DKa
1907 5332 2148 5402 eentum]
2186 5330 2320 5387 αδδ.
2356 5334 2415 5387 et
2451 5346 2490 5385 α
