3275 6434
891 645 2837 1114 -

465 1506 553 1571 54
1257 1501 1460 1557 Liber
1494 1503 1965 1573 quaestionum

465 1695 726 1762 XXVII.
798 1694 917 1761 AN
979 1692 1487 1762 PITHONISSA
1549 1694 1953 1762 sumum,
2015 1695 2574 1765 Excl'raussm'r
2639 1696 2747 1763 m·

464 1799 648 1868 IPSE
703 1800 815 1867 AB
870 1801 980 1867 ΕΑ
1033 1800 1276 1868 UISUS
1344 1800 1475 1867 81'1·
1526 1801 1632 1867 m·
1688 1799 2073 1869 LocUTUs
2137 1801 2267 1869 sn·
2328 1803 2443 1869 AD
2508 1802 2748 1879 SAUL‚

582 1904 807 1987 QUAE
853 1904 1254 1974 HISTORIA
1297 1906 1622 1972 REFERT
1676 1905 1771 1972 IN
1813 1905 2067 1974 LIBRO
2113 1906 2612 1975 REGNOBUM.

557 2050 614 2114 1.
665 2047 1005 2134 Indignum
1057 2048 1302 2114 facinus
1358 2046 1648 2126 aestimo,
1698 2047 1755 2113 si
1801 2047 2151 2113 secundum
2196 2048 2389 2114 uerba
2440 2046 2749 2115 historiae

468 2152 905 2225 commodetur
948 2152 1274 2220 adsensus.
1321 2152 1430 2236 qui
1476 2153 1642 2218 enim
1689 2151 1824 2217 fleri
1881 2154 2148 2236 poterat,
2194 2156 2270 2218 ut
2312 2155 2444 2218 arte
2497 2152 2750 2238 magica
2809 2173 2837 2215 a

465 2259 900 2325 adtraheretur
933 2260 1034 2326 uir
1077 2264 1144 2326 et
1177 2258 1514 2325 natiuitate
1552 2261 1812 2325 sanctus
1850 2262 1916 2324 et
1951 2257 2121 2323 uitae
2159 2257 2453 2342 operibus
2489 2259 2749 2325 iustus?

468 2367 600 2441 aut,
649 2365 704 2430 s'i
749 2384 869 2430 non
917 2364 1241 2431 adtractus
1288 2370 1411 2443 est,
1457 2365 1823 2431 consensit?
1878 2363 2046 2447 quod
2101 2367 2437 2446 utrumque
2482 2363 2561 2429 de
2609 2363 2748 2429 uiro

465 2469 637 2536 iusto
701 2470 954 2536 credere
1018 2470 1358 2537 aduersum
1423 2472 1543 2537 est.
1609 2470 1667 2536 si
1724 2470 1891 2534 enim
1958 2469 2201 2536 inuitus
2256 2468 2570 2535 adductus
2626 2469 2748 2547 est,

464 2576 713 2641 nullum
759 2576 1133 2661 suffragium
1178 2575 1371 2642 habet
1413 2575 1690 2655 iustitia;
1731 2576 1788 2641 si
1825 2574 2221 2641 uoluntarius
2260 2578 2495 2652 autem,
2530 2572 2753 2640 amisit

465 2681 761 2746 meritum
814 2681 1141 2767 spiritalis,
1199 2681 1366 2765 quod
1424 2681 1675 2768 positus
1734 2681 1803 2746 in
1870 2698 2051 2747 carne
2099 2679 2516 2764 quaesiuerat.
2583 2676 2751 2762 quod
2784 2703 2836 2744 ιυ

467 2786 653 2852 ualde
712 2786 1057 2852 absurdum
1114 2791 1233 2864 est,
1293 2787 1441 2870 quia
1495 2785 1642 2853 binc
1699 2788 1807 2871 qui
1863 2787 2074 2852 iustus
2127 2785 2367 2852 recedit
2424 2786 2754 2868 permanet

465 2891 700 2958 iustus.
762 2912 947 2977 porro
1022 2897 1233 2958 autem
1308 2893 1428 2958 hoc
1495 2896 1595 2957 est
1657 2892 2073 2976 praestigium
2145 2893 2420 2970 satanae,
2486 2909 2613 2973 quo
2678 2891 2751 2953 ut

466 2997 772 3081 plurimos
818 2999 1018 3076 fallat,
1067 2998 1255 3063 etiam
1296 2999 1496 3063 bonos
1541 2998 1605 3062 in
1653 3000 1969 3081 potestate
2017 3016 2087 3062 se
2143 2997 2372 3062 habere
2426 2995 2748 3079 confingit.

469 3102 636 3186 quod
685 3105 1014 3186 apostolus
1062 3105 1225 3169 inter
1271 3107 1480 3169 cetera
1525 3105 1644 3168 ait:
1692 3103 1857 3187 ipse
1904 3107 2208 3169 satanas
2245 3102 2753 3186 transfigurat

468 3227 546 3273 se
583 3210 654 3274 in
693 3210 1038 3295 angelum
1077 3209 1300 3275 lucis,
1338 3213 1413 3274 ut
1450 3210 1614 3274 enim
1654 3228 1921 3274 errorem
1961 3210 2216 3288 faceret,
2255 3208 2316 3272 in
2356 3227 2481 3292 quo
2520 3206 2749 3293 gloria·
2786 3226 2837 3269 ιιι

467 3317 591 3394 tur,
654 3315 717 3380 in
783 3315 1004 3382 habitu
1061 3315 1183 3381 uiri
1237 3315 1392 3381 iusti
1449 3318 1514 3380 et
1566 3314 1818 3379 nomine
1875 3331 1944 3377 se
2001 3313 2392 3390 subornauit,
2459 3318 2534 3378 ut
2588 3311 2749 3377 nibil

466 3420 764 3504 proficere
810 3441 1009 3504 spem,
1058 3440 1247 3503 quam
1291 3421 1758 3506 praedicabant,
1807 3419 1907 3483 dei
1947 3418 2299 3484 cultoribus
2349 3418 2747 3496 mentiretur,

465 3525 713 3608 quando
769 3526 913 3592 hinc
969 3531 1266 3593 exeuntes
1311 3527 1519 3592 iustos
1567 3526 1746 3591 finxit
1788 3524 1852 3591 in
1902 3543 2019 3589 sua
2064 3543 2203 3589 esse
2249 3526 2586 3607 potestate.

553 3633 613 3696 2.
643 3630 769 3697 Sed
795 3632 917 3697 hoc
944 3631 1251 3716 quosdam
1279 3632 1469 3708 fallit,
1493 3630 1658 3714 quod
1691 3631 1767 3694 de
1805 3635 2008 3694 morte
2038 3627 2191 3694 Saul
2220 3632 2286 3693 et
2311 3627 2426 3692 filii
2455 3627 2595 3693 eius
2625 3644 2747 3693 non

464 3738 553 3803 sit
605 3738 934 3816 mentitus,
992 3737 1176 3820 quasi
1232 3756 1536 3820 magnum
1583 3736 1672 3801 sit
1727 3735 1980 3800 diabolo
2038 3737 2182 3798 ante
2229 3734 2393 3799 diem
2450 3751 2750 3799 occasum
2784 3754 2837 3798 ιο

466 3844 746 3927 corporis
816 3841 1205 3925 praeuidere‚
1280 3859 1424 3907 cum
1500 3840 1687 3927 signa
1750 3838 2057 3924 quaedam
2131 3838 2377 3903 soleant
2447 3855 2751 3921 apparere

467 3948 812 4026 morituris,
855 3948 1087 4032 quippe
1124 3967 1163 4013 a
1198 3947 1430 4030 quibus
1470 3946 1569 4012 dei
1606 3945 1916 4029 protectio
1955 3947 2166 4009 amota
2203 3940 2473 4007 uidetur.
2511 3944 2748 4024 quanto

466 4055 673 4139 magis
720 4055 1035 4132 diabolus,
1081 4072 1267 4136 quem
1317 4053 1602 4138 angelica
1657 4052 1990 4117 maiestate
2047 4049 2384 4115 sublimem
2441 4046 2752 4130 profetica
2832 4085 2837 4092 ·

469 4160 720 4225 oracula
765 4159 965 4225 fuisse
1011 4161 1347 4236 testantur,
1397 4158 1472 4222 de
1520 4158 1703 4223 cuius
1752 4153 2188 4240 magnitudine
2244 4151 2569 4237 apostolus
2628 4151 2747 4216 ait:

470 4285 551 4329 an
620 4266 991 4349 ignoratis
1059 4264 1548 4329 altitudinem
1613 4265 1961 4328 satanae?
2019 4259 2169 4342 quid
2219 4259 2445 4323 mirum
2494 4275 2644 4342 ergo
2692 4256 2748 4321 si
2782 4271 2833 4314 τι

469 4371 881 4436 inminentem
944 4389 1136 4454 prope
1202 4374 1471 4434 mortem
1536 4370 1749 4453 potuit
1810 4366 2199 4450 praeuidere‚
2265 4382 2410 4429 cum
2475 4363 2597 4427 hoc
2666 4361 2753 4426 sit

469 4477 633 4542 unde
687 4476 855 4541 fallit
911 4478 976 4542 et
1029 4495 1099 4542 se
1152 4476 1215 4541 in
1274 4476 1374 4541 dei
1440 4477 1757 4559 potestate
1814 4472 1959 4537 uult
2014 4469 2300 4536 adorari?
2367 4486 2510 4533 nam
2574 4470 2752 4532 tanta

656 4720 677 4771 1
721 4717 789 4770 cs.
829 4718 855 4771 1
891 4717 1023 4786 Reg.
1062 4718 1148 4777 28.
1188 4716 1364 4770 7—20
1477 4717 1543 4769 14
1580 4714 1634 4770 11
1672 4714 1794 4771 Cor.
1835 4716 1920 4783 11,
1963 4715 2026 4769 14
2132 4714 2196 4768 19
2235 4711 2301 4768 cs.
2341 4710 2368 4763 1
2403 4710 2537 4779 Reg.
2566 4708 2655 4771 28,
2686 4709 2752 4762 19

469 4804 539 4859 22
577 4805 643 4859 cs.
681 4806 768 4858 Pa.
809 4806 896 4873 90,
939 4804 964 4857 1
1076 4805 1147 4857 25
1185 4803 1253 4859 cf.
1292 4803 1348 4858 11
1386 4802 1506 4859 Cor.
1544 4805 1596 4871 2,
1638 4805 1700 4858 11
1742 4808 1800 4858 et
1835 4803 2002 4873 Apoc.
2040 4801 2093 4864 2,
2128 4800 2198 4854 24

547 4925 572 4978 1
621 4925 834 4979 XXIIII
880 4927 1065 4994 (cor-r.)
1111 4926 1184 4980 M
1370 4925 1679 4996 phitonissa
1721 4924 1845 4980 Nx
2042 4923 2120 4992 et]
2169 4926 2233 4976 ut
2276 4921 2333 4976 P
2488 4920 2524 4973 2
2569 4918 2676 4987 ipsi
2712 4918 2760 4972 G

470 5014 543 5066 nit
568 5030 658 5082 pr.
698 5029 798 5068 om.
837 5012 893 5067 P
995 5015 1028 5067 5
1067 5014 1194 5083 quin
1232 5012 1473 5068 MGNX
1612 5011 1647 5065 6
1683 5011 2035 5065 innatiuitate
2071 5011 2255 5077 (corr.)
2292 5006 2359 5063 N
2457 5007 2489 5061 ‘1
2528 5008 2619 5061 est
2650 5020 2754 5060 oue.

471 5104 545 5158 Μ
608 5103 642 5156 8
680 5100 896 5156 inuidns
939 5100 987 5154 G
1057 5101 1122 5154 10
1160 5099 1304 5170 qnod
1333 5101 1441 5170 pn]
1480 5116 1638 5169 quem
1677 5097 1949 5160 Momx
1986 5101 2145 5163 (corr.
2180 5094 2499 5163 Amswms)
2576 5093 2639 5149 11
2669 5108 2752 5148 re·

471 5190 628 5245 cedet
662 5190 737 5245 M
841 5189 907 5244 18
943 5189 1117 5258 pellat
1158 5189 1205 5242 0
1343 5189 1516 5243 bonus
1553 5188 1628 5243 M
1763 5187 1963 5241 babere
2001 5202 2059 5240 se
2097 5187 2151 5239 iu
2188 5186 2462 5255 potestate
2499 5183 2558 5237 P
2696 5197 2753 5236 ee

469 5295 571 5332 om.
612 5279 672 5331 X
773 5279 846 5334 15
883 5278 1086 5332 feceret
1125 5275 1172 5330 G
1303 5276 1567 5347 glorietur
1602 5275 1659 5330 P
1797 5273 1867 5327 20
1906 5272 2107 5327 diaboli
2150 5272 2256 5327 ΘΔ
2398 5271 2470 5325 22
2507 5269 2756 5325 uideatur

469 5368 653 5433 (corr.)
688 5366 748 5421 Ν
897 5365 967 5420 23
1003 5365 1268 5420 sublimen
1307 5364 1363 5419 P
