3275 6434
1323 1429 1472 1503 cap.
1506 1431 1761 1489 cxxvn
1796 1432 2026 1490 12-1e.
2685 1432 2818 1506 405

530 1641 760 1689 uerum
796 1637 960 1699 esse,
986 1621 1052 1687 in
1081 1625 1329 1688 tantum
1367 1622 1508 1689 eine
1545 1623 1893 1690 auctoritas
1930 1622 2123 1692 debet
2155 1625 2475 1712 praeferri,
2511 1631 2588 1695 ut
2622 1628 2815 1695 etiam

529 1727 622 1806 id,
652 1727 823 1811 quod
853 1746 1147 1811 asperum
1185 1731 1250 1794 et
1285 1729 1448 1794 forte
1484 1728 1831 1796 absurdum
1859 1748 1897 1797 a
1920 1731 2106 1797 nobie
2134 1731 2527 1811 aestimatur,
2555 1732 2817 1818 accepto

534 1834 685 1900 terri
722 1833 950 1899 debeat
984 1837 1052 1900 et
1083 1833 1271 1900 aliter
1303 1834 1526 1901 sentiri
1564 1852 1753 1919 quam
1790 1854 1828 1900 a
1862 1835 2046 1903 nobis
2081 1840 2365 1920 putatur,
2413 1838 2470 1904 si
2516 1837 2620 1906 dei
2655 1839 2818 1908 iudi·

532 1941 635 2005 cio
663 1939 1160 2017 commendetur,
1191 1940 1340 2025 quia
1366 1941 1569 2027 magio
1596 1939 1717 2008 deo
1753 1941 2006 2009 credere
2043 1940 2348 2011 debemus
2385 1962 2577 2028 quom
2611 1945 2817 2013 nobie.

461 2063 500 2109 a
533 2045 869 2112 infirmitas
925 2047 1090 2113 enim
1144 2051 1365 2114 nostra
1414 2052 1482 2115 et
1530 2047 1832 2132 inperitia
1885 2048 2070 2115 utilia
2120 2049 2289 2116 solet
2331 2048 2613 2117 iudicare
2658 2062 2819 2134 quae

535 2151 767 2218 nociua
819 2156 971 2219 eunt
1034 2158 1101 2221 et
1160 2154 1498 2220 aestimare
1551 2153 1718 2220 falsa
1768 2172 1881 2239 pro
1936 2155 2125 2235 uerit,
2184 2155 2353 2239 quod
2405 2155 2484 2222 de
2538 2156 2657 2224 deo
2711 2155 2820 2223 uel

536 2259 847 2343 suspicari
885 2259 1062 2325 nefas
1099 2263 1201 2326 eat
1226 2296 1312 2309 —
1339 2278 1462 2326 non
1499 2262 1602 2327 eet
1636 2259 1802 2326 enim
1832 2264 2076 2339 natura,
2106 2279 2268 2344 qnae
2295 2261 2503 2346 poenit
2537 2259 2674 2328 falli
2704 2284 2818 2327 ——t

536 2368 774 2447 quanto
811 2365 1018 2451 magio
1066 2365 1143 2431 de
1180 2365 1493 2451 coniugiis
1530 2365 1809 2432 dubitari
1841 2385 1963 2433 non
2003 2365 2193 2434 debet
2227 2366 2346 2434 deo
2392 2366 2671 2434 dicente!
2720 2372 2821 2434 est

536 2470 706 2536 enim
751 2489 854 2537 rea
898 2476 1114 2554 aperta
1159 2476 1225 2539 et
1269 2472 1555 2557 simplex.

436 2592 502 2636 no
633 2579 731 2644 15.
778 2576 963 2644 Certo
1006 2578 1211 2644 omnia
1258 2579 1447 2645 homo
1495 2578 1751 2665 gaudet,
1797 2597 1946 2645 cum
1988 2577 2185 2646 fuerit
2228 2578 2329 2645 dei
2385 2578 2818 2665 dignationem

537 2682 829 2767 adeptus,
884 2688 950 2750 et
1003 2685 1319 2751 meliorari
1374 2703 1446 2751 ae
1501 2685 1723 2762 credit,
1777 2684 1929 2751 dnm
1987 2689 2449 2752 sacramentum
2518 2683 2819 2751 creatoris

537 2789 832 2869 addiscit,
879 2789 1049 2874 quod
1093 2790 1318 2874 utique
1369 2809 1491 2856 non
1552 2790 2006 2875 adsequeretur
2060 2790 2184 2857 nisi
2237 2794 2447 2858 natus.
2502 2808 2617 2856 cur
2669 2809 2818 2874 ergo

535 2895 788 2981 plangit
822 2896 992 2980 quod
1033 2896 1268 2982 gaudet
1306 2900 1373 2962 et
1407 2895 1578 2980 quod
1614 2896 1925 2981 gloriatur
1958 2914 2029 2962 ee
2065 2895 2366 2963 didicisse
2402 2895 2818 2962 condemnat?

538 3003 596 3067 ei
641 3002 806 3068 enim
854 3001 1090 3088 gaudet
1136 3001 1282 3086 quia
1328 3000 1573 3083 didicit,
1619 3020 1744 3069 non
1790 3006 1999 3068 autem
2049 3000 2400 3079 didicisset,
2447 3001 2573 3066 nisi
2628 3004 2817 3068 natue

442 3122 503 3170 no
537 3108 793 3185 fuisset,
841 3109 979 3174 eino
1033 3108 1225 3174 dubio
1278 3108 1516 3174 bonum
1571 3112 1674 3174 eet
1726 3107 1924 3186 nasci,
1972 3108 2121 3191 qnia
2162 3108 2412 3175 fructus
2459 3106 2819 3173 natiuitatis

537 3221 639 3282 est
682 3214 961 3302 cognitio
1003 3214 1313 3282 ueritatis.
1349 3215 1406 3282 ei
1443 3219 1655 3282 autem
1695 3215 1931 3280 malum
1972 3219 2072 3282 eet
2107 3215 2303 3294 nasci,
2338 3234 2463 3280 non
2500 3214 2620 3281 erit
2654 3212 2823 3279 bona

538 3321 840 3408 cognitio.
878 3321 983 3388 cui
1021 3322 1186 3387 enim
1222 3322 1314 3387 rei
1351 3321 1631 3405 proderit
1666 3320 1968 3406 cognitio,
2018 3321 2073 3387 ei
2121 3320 2457 3388 damnatur
2488 3319 2816 3396 natiuitas,

539 3428 712 3512 quia,
751 3429 806 3495 ei
843 3447 963 3495 non
1002 3428 1254 3513 expedit
1290 3428 1463 3494 nasci
1502 3445 1617 3493 nec
1655 3426 1864 3507 debet,
1901 3427 2085 3493 inane
2132 3430 2233 3493 eat
2278 3429 2353 3494 ut
2396 3425 2603 3492 discat
2648 3423 2821 3490 dam·

536 3531 828 3600 naudus?
875 3533 986 3601 aed
1031 3533 1181 3617 quia
1225 3552 1408 3600 nemo
1452 3537 1585 3598 tam
1632 3532 1828 3599 bebea
1875 3537 1997 3610 eet,
2043 3536 2117 3599 ut
2161 3537 2351 3618 negot
2388 3529 2818 3616 cognitionem

440 3649 503 3696 ὓ
542 3639 643 3705 dei
670 3639 864 3724 prode
892 3658 1032 3706 esee
1062 3639 1448 3718 hominibus,
1486 3643 1553 3706 et
1585 3636 1751 3705 bona
1787 3640 1853 3704 et
1887 3638 2070 3704 utilia
2109 3640 2227 3705 oet.
2262 3656 2375 3723 per
2409 3638 2616 3722 ipsam
2653 3631 2818 3702 enim

539 3746 911 3813 melioratur
952 3744 1278 3825 natiuitae,
1324 3750 1401 3812 ut
1443 3745 1589 3831 plue
1634 3749 1952 3812 mereatur
1997 3763 2186 3829 quam
2231 3745 2441 3811 fuerat
2493 3741 2819 3809 conlatum

535 3854 733 3931 Adae,
769 3852 918 3936 quia
953 3852 1016 3917 in
1065 3851 1259 3930 caelo,
1298 3870 1418 3918 non
1455 3852 1518 3918 in
1560 3854 1726 3917 terra
1761 3850 2115 3936 regnabunt
2152 3848 2501 3929 erodentes,
2538 3845 2604 3914 in
2640 3861 2820 3931 para·

538 3958 679 4025 dieo
725 3956 828 4024 dei
872 3958 1091 4041 patrie,
1137 3975 1259 4024 non
1311 3958 1375 4022 in
1433 3975 1558 4041 quo
1616 3955 1816 4024 Adam
1872 3955 2283 4042 corporaliter
2334 3955 2556 4022 iueeua
2612 3952 2823 4019 fuerat

538 4082 802 4147 operari.

441 4180 502 4227 ¹⁸
631 4171 734 4236 16.
769 4169 930 4236 Nam
970 4171 1023 4236 ei
1063 4169 1320 4237 encenia
1355 4167 1831 4236 celebrabantur
1862 4166 2345 4253 Hierosolymis,
2391 4165 2458 4232 id
2506 4168 2609 4232 eet
2651 4163 2824 4231 dedi·

536 4277 804 4345 cationis
839 4275 1062 4362 templi
1091 4275 1330 4342 domini
1367 4274 1676 4362 agebatur
1700 4273 2044 4353 feetiuitaa,
2093 4277 2328 4357 quanto
2367 4271 2573 4357 magis
2610 4269 2818 4355 ipsius

716 4467 786 4521 22
823 4465 892 4522 cs.
929 4467 1096 4538 Apoc.
1135 4467 1188 4529 2,
1225 4466 1257 4519 7
1366 4466 1435 4520 23
1473 4463 1540 4519 cs.
1579 4462 1714 4520 Gen.
1752 4463 1807 4532 2,
1845 4463 1911 4522 15
2018 4462 2090 4518 25
2126 4459 2196 4521 of.
2231 4460 2352 4517 Iob.
2391 4460 2475 4530 10,
2512 4457 2582 4515 22

425 4598 452 4651 J
614 4591 639 4645 1
680 4588 906 4660 proferri
946 4586 995 4643 G
1132 4587 1168 4643 8
1202 4586 1359 4642 nobi·
1394 4587 1453 4656 (n
1488 4586 1553 4642 in
1584 4589 1722 4655 ναι.)
1761 4585 1810 4642 G
2018 4582 2086 4655 ni]
2122 4582 2199 4639 uit
2232 4582 2308 4637 Μ
2444 4583 2479 4639 6
2516 4595 2613 4653 pro
2650 4577 2817 4650 uerit]

536 4678 869 4751 promoueri·
906 4678 1091 4748 (corr.)
1127 4676 1184 4731 P
1319 4677 1352 4733 7
1391 4679 1477 4731 ent
1502 4687 1593 4745 pr.
1629 4689 1735 4729 ουκ.
1769 4672 1848 4728 Η
2015 4673 2052 4728 8
2082 4677 2214 4744 pont
2249 4670 2465 4727 dicente
2502 4667 2635 4724 add.
2675 4666 2819 4739 quod

538 4767 673 4822 deu·
710 4767 989 4821 coniunxit
1030 4766 1191 4820 bomo
1236 4781 1344 4820 non
1382 4766 1598 4834 nep-ret
1632 4761 1752 4818 edd.
1900 4761 1969 4817 10
2014 4759 2409 4830 dignationem]
2457 4757 2822 4829 cognitionem

535 4855 594 4912 Ρ
626 4853 941 4926 dignatione
982 4853 1090 4910 ΟΔ
1218 4853 1283 4907 12
1319 4853 1497 4921 natue]
1535 4849 1666 4909 add.
1702 4849 1903 4906 suin-et
1940 4847 2049 4906 GA
2192 4863 2331 4917 quur
2367 4846 2428 4901 X
2589 4845 2656 4901 18
2693 4847 2822 4900 et—

537 4945 744 5019 gaudet
779 4945 893 5015 (u)
928 4959 1033 4999 ουκ.
1070 4942 1227 5013 (add.
1263 4943 1370 5012 ins.
1404 4942 1530 5012 ny.)
1565 4940 1638 4995 Μ
1778 4939 1847 4996 18
1879 4938 2032 4994 nuci
2067 4952 2170 4994 on.
2205 4935 2280 4992 Π
2420 4934 2487 4989 17
2526 4934 2637 5005 cui]
2675 4929 2824 5004 quod

536 5032 595 5089 Ρ
749 5033 828 5087 rei
863 5030 1109 5104 proderit
1145 5029 1391 5101 cognitio
1428 5046 1532 5085 om.
1567 5028 1623 5082 P
1767 5026 1834 5081 18
1871 5028 2087 5081 inanem
2124 5026 2310 5092 (corr.)
2343 5021 2418 5078 Π
2551 5021 2619 5077 19
2652 5019 2825 5075 babeo

535 5122 700 5192 (com
734 5121 850 5186 αἱ)
892 5119 940 5173 0
1043 5118 1115 5175 20
1151 5117 1406 5190 prodeo-e
1441 5116 1561 5173 Px
1591 5114 1843 5187 prodis-e
1877 5114 1925 5170 G
2063 5116 2122 5168 et
2147 5128 2240 5182 pr.
2274 5125 2380 5166 on.
2416 5107 2472 5165 Ρ
2606 5109 2729 5181 ipen
2764 5108 2824 5163 Χ

535 5210 604 5267 21
646 5210 732 5280 ut]
772 5207 905 5263 add.
941 5209 1063 5279 plu·
1099 5208 1416 5264 melioratur
1450 5206 1716 5262 natiuitu
1750 5207 1814 5259 ut
1847 5197 1959 5260 FB
2187 5199 2259 5256 26
2295 5198 2501 5271 templo
2537 5200 2718 5266 (corr.)
2753 5194 2828 5251 Π

536 5299 738 5357 dein
