3275 6434
215 687 1178 1027 -
1262 988 1337 1003 *fin-

620 1372 1031 1443 &uuum-uum.
1365 1384 1404 1446 m

271 1568 368 1633 soinrn
393 1568 477 1634 enirn
500 1586 570 1646 nos,
603 1566 661 1633 seri
688 1572 721 1633 et
750 1569 879 1653 superni
906 1570 1059 1635 oeelsstee
1087 1571 1240 1637 eoelesire
1268 1573 1408 1639 membre

270 1675 349 1750 runt,
373 1673 469 1741 onius
495 1678 594 1758 orpnt
614 1672 763 1740 christus
793 1677 852 1741 est
879 1674 949 1740 sine
975 1674 1075 1760 igitur
1100 1694 1163 1743 une
1189 1677 1259 1743 sine
1286 1684 1407 1762 septeni

267 1779 412 1846 diuorum
431 1779 599 1859 ecelesise¹
621 1799 682 1847 non
701 1778 870 1864 discrepet
888 1799 952 1846 une
969 1781 1052 1847 eninr
1070 1781 1197 1861 dieitur,
1216 1784 1290 1868 quia
1308 1802 1406 1850 unnru

266 1885 361 1950 hebet
391 1888 500 1970 ceput,
528 1884 613 1969 quod
643 1888 695 1951 set
725 1883 885 1954 Christus:
915 1890 1038 1969 septem
1070 1892 1178 1953 nuum
1208 1887 1292 1957 ideo.
1323 1889 1407 1971 quir.

241 1992 351 2058 ruent
375 1991 521 2058 membre
546 1990 674 2057 dinem
699 1994 785 2069 sunt,
811 1993 859 2056 ite
885 1996 919 2058 et
943 1994 1103 2076 potentine
1130 1993 1299 2077 spiritales,
1326 1994 1408 2060 inter

264 2115 345 2181 qens
366 2100 403 2163 et
423 2116 482 2163 nos
503 2096 704 2181 deputamur,
726 2096 872 2164 diuersae
893 2101 970 2164 sunt
995 2099 1144 2174 uirtutes,
1170 2102 1299 2184 propter
1323 2100 1408 2184 qnod

264 2208 299 2270 et
319 2222 414 2289 ogere
437 2202 595 2269 dieuntnr.
621 2201 740 2269 ideireo
763 2203 847 2268 onim
869 2203 1013 2270 diuersae
1040 2208 1126 2282 sunt,
1153 2209 1191 2271 ut
1216 2223 1277 2271 non
1306 2207 1409 2270 omniu

264 2309 414 2397 singulte
434 2309 571 2394 possint,
598 2308 655 2375 seri
682 2309 780 2375 simul
809 2328 917 2376 omues
946 2328 1061 2394 eorpus
1089 2311 1155 2376 sint
1176 2309 1304 2391 christi,
1336 2312 1409 2394 qnia

266 2418 354 2502 ipse
378 2418 445 2481 est
465 2418 589 2498 oopnt
609 2416 793 2498 eorporis
816 2416 1033 2494 eeclesias,
1051 2435 1088 2482 ex
1116 2436 1179 2500 qno
1208 2419 1313 2483 totum
1342 2435 1408 2483 nora

227 2540 329 2607 nopes
351 2520 514 2598 subsistit,
537 2521 570 2587 iri
592 2524 643 2588 est
665 2539 701 2587 en
724 2541 787 2605 quo
806 2522 913 2587 orunio
929 2522 960 2587 iu
980 2523 1124 2589 eneiiset
1142 2524 1173 2587 in
1192 2527 1276 2588 terro
1293 2523 1409 2588 hebent

269 2629 434 2713 originem.

311 2738 342 2800 2.
363 2735 402 2801 In
430 2734 490 2800 hro
518 2753 592 2819 erge
620 2753 701 2818 quse
727 2736 759 2800 in
786 2735 881 2800 terris
909 2739 960 2801 eet
987 2735 1122 2801 ecclesio
1149 2735 1290 2801 omnium
1313 2736 1409 2801 eoele-

269 2843 386 2907 sirrnm
413 2841 501 2906 frete
528 2844 578 2906 est
599 2840 730 2916 mentio,
754 2839 840 2922 quin.
868 2858 940 2906 oum
969 2841 1043 2906 huie
1072 2845 1305 2907 recrementum
1326 2858 1409 2906 eren·

269 2947 346 3013 toris
380 2945 593 3032 partientur,
628 2945 726 3012 etiem
761 2946 954 3012 coelestibus
989 2946 1085 3013 iuius
1120 2946 1207 3012 rnorii
1247 2946 1411 3011 intimetur

235 3072 257 3117 s
271 3053 420 3120 doctrine
450 3052 652 3119 inferioribus
683 3052 766 3117 enirn
803 3071 876 3118 oum
908 3052 1097 3130 insinuetur,
1128 3071 1258 3119 neeesse
1290 3056 1340 3118 est-
1375 3058 1409 3116 ut

271 3159 397 3225 mdinnt
425 3163 459 3224 et
485 3159 623 3243 superni,
651 3157 735 3223 unde
757 3159 940 3240 apostolus:
962 3158 1071 3223 mihi.
1104 3160 1218 3242 inquit,
1248 3157 1410 3223 minimo

272 3265 443 3332 omnium
480 3267 715 3331 senotorum
751 3265 847 3329 intr
887 3268 952 3330 est
991 3264 1089 3330 inneo
1132 3264 1264 3349 gretia
1306 3263 1412 3328 inter

273 3374 415 3456 gentes
452 3370 744 3456 euangelisrre
776 3370 1207 3453 inconprehensibilee
1236 3367 1410 3434 diuitias

273 3475 427 3542 christi
459 3479 501 3542 et
526 3477 775 3542 inluminare
804 3494 951 3551 omnes,
981 3494 1079 3558 qnne
1103 3476 1160 3539 sit
1187 3473 1410 3558 dispositio

241 3583 462 3667 emysterii
481 3581 715 3648 ebseonditi
734 3601 754 3646 n
770 3581 954 3648 sueeulis
968 3582 1006 3646 in
1026 3581 1109 3659 deo,
1129 3581 1198 3663 qui
1216 3579 1410 3644 uniuersa

274 3688 443 3765 erenriit,
458 3691 497 3755 et
513 3687 772 3753 innotescere
790 3686 1050 3770 principibus
1070 3689 1110 3750 et
1126 3684 1411 3769 potestatibus

274 3795 309 3860 in
330 3794 592 3861 seelestibus
613 3811 683 3876 per
710 3792 930 3858 ecelesiam
958 3789 1228 3856 multiformis
1258 3788 1411 3872 snpien-

276 3902 353 3966 tine
389 3899 466 3967 dei.
497 3918 553 3983 per
583 3902 663 3964 hene
696 3909 770 3983 ergo
803 3898 969 3964 eooiesiuur
993 3897 1121 3980 snpemi
1154 3896 1316 3973 (leuentur,
1339 3895 1412 3977 quir

278 4007 440 4085 ueritus,
463 4004 519 4082 eit,
539 4001 712 4069 deterre
730 4008 819 4069 ertu
838 4007 907 4067 est.
926 4003 1064 4067 etenim
1081 4001 1199 4067 mentio
1214 3999 1411 4084 superiorum

247 4112 337 4188 nint,
374 4111 428 4176 hie
458 4113 580 4194 reptem
613 4109 766 4175 eoelesise
802 4114 1023 4192 nunoupnutur
1044 4108 1075 4172 iu
1108 4125 1170 4172 uus
1199 4105 1301 4190 plebe.
1334 4124 1412 4188 que.-

279 4221 394 4301 septem
432 4216 585 4282 eeolesies
627 4215 788 4298 supplices
827 4214 948 4298 proietn
984 4212 1108 4279 inducit
1144 4213 1295 4277 snluetori
1329 4212 1413 4276 ineto

281 4323 403 4388 homini.
435 4322 658 4387 intellexeruut
684 4321 765 4385 eninr
791 4320 830 4385 ud
862 4321 922 4386 hoo
948 4323 1152 4385 peternesse
1182 4317 1354 4393 Christum,
1378 4323 1414 4380 ut

361 4619 442 4671 nu.
470 4617 541 4688 spu.
567 4619 594 4681 o,
620 4617 656 4671 su
791 4615 865 4670 rer.
890 4615 902 4668 1
925 4618 985 4669 rur.
1015 4617 1055 4681 ro,
1084 4617 1126 4668 nr.
1150 4616 1184 4668 nr»
1310 4610 1415 4666 uuor.

282 4710 302 4773 ι,
320 4709 353 4762 ιι
453 4706 487 4764 er.
507 4704 620 4774 spur
640 4705 682 4759 uu.
702 4704 758 4760 cu.
777 4706 803 4768 2.
824 4705 858 4758 ru
952 4704 982 4756 ru
1001 4702 1071 4772 epu.
1091 4704 1116 4767 e,
1135 4700 1224 4756 ,ι-ιο
1313 4701 1347 4754 ur
1366 4699 1412 4753 ιι.

282 4796 320 4859 ss,
339 4797 372 4849 rs

215 4987 255 5051 ss
316 4989 428 5059 ienirn]
447 4992 538 5042 ruteni
558 4986 618 5040 ΝΧ
689 4985 797 5058 replestis·
817 4985 854 5038 Μ
905 4985 1019 5054 ingere
1037 5006 1061 5051 ι·
1081 5001 1114 5035 ιιι.
1133 4984 1195 5049 rer.)
1213 4982 1244 5036 N
1261 4996 1341 5051 egere
1361 4981 1414 5034 (Μ

286 5077 315 5130 u
330 5077 450 5131 sodstit
466 5074 504 5129 Μ
556 5075 590 5129 le
609 5072 727 5145 diopoh‘n
743 5073 781 5128 1
833 5073 869 5128 20
886 5072 1032 5127 urinisterii
1050 5071 1080 5125 Χ
1132 5070 1165 5132 ul
1184 5071 1368 5124 innoeteseere
1384 5067 1416 5121 Π

285 5163 315 5218 22
329 5164 356 5219 iu
374 5164 537 5220 uenientibus
555 5178 607 5218 oso.
626 5161 658 5216 X
707 5162 859 5233 sapientire
875 5163 956 5228 (eurr.
973 5160 1119 5232 snpientia)
1137 5157 1170 5213 N
1202 5159 1237 5212 ru
1256 5157 1368 5212 uerene
1384 5155 1416 5210 ‚ir

286 5252 317 5306 ‘lt
332 5257 536 5325 unueenpontnr
554 5250 591 5305 ,ii
606 5253 776 5322 nuncupetur
794 5252 823 5304 X
896 5266 947 5303 nno
970 5248 994 5302 0
