3275 6434
1330 1448 1478 1524 csp.
1515 1450 1978 1508 nv-xnvm„
2233 1422 2237 1426 ’
2662 1456 2792 1522 427

507 1638 760 1706 XLvn.
786 1641 1053 1709 UETUS
1075 1643 1237 1709 LEX
1258 1643 1503 1711 DEUM
1521 1643 1879 1711 IURASSE
1897 1644 2284 1712 ALJAEGAT
2306 1683 2390 1694 —
2414 1645 2542 1713 810
2573 1645 2790 1712 Eum

515 1744 771 1813 chl'r:
800 1747 984 1814 ‘PER
1009 1749 1312 1815 Mamm*
1349 1750 1612 1817 IPSUM
1643 1750 1959 1828 umam,
1991 1751 2219 1819 chl'r
2247 1750 2587 1819 DOMINI]
2590 1751 2657 1819 S’
2686 1788 2796 1829 —‚

513 1848 961 1920 SALUATOR
1020 1854 1312 1922 AUTEM
1375 1856 1693 1924 IUBABE
1758 1856 2249 1925 PROHIBUIT:
2316 1855 2490 1938 QUO
2551 1853 2797 1924 MODO

1090 1959 1150 2026 N
1154 1958 1270 2027 ΟΝ
1317 1960 1790 2029 DESTBUXIT
1838 1962 2213 2029 UETERA?

603 2097 964 2183 Antequam
1027 2102 1255 2168 notitia
1317 2103 1418 2169 dei
1475 2107 1651 2171 esset
1701 2104 1766 2169 in
1820 2104 2029 2183 terris,
2084 2122 2208 2170 non
2273 2104 2458 2170 aliter
2520 2103 2804 2186 oportuit

512 2221 861 2287 prouocare
925 2205 1213 2273 homines
1269 2208 1351 2275 ad
1404 2227 1583 2293 spem
1647 2208 2020 2287 inauditam
2086 2229 2276 2293 quam
2338 2209 2477 2275 iure
2538 2208 2802 2275 iurando

512 2311 856 2393 promissio
902 2311 1035 2377 illis
1080 2311 1280 2390 fieret,
1328 2314 1405 2379 ab
1455 2332 1528 2379 eo
1568 2314 1790 2398 utique
1828 2334 2017 2398 quem
2053 2335 2196 2396 non,
2235 2320 2310 2382 ut
2345 2314 2611 2400 dignum
2648 2317 2803 2393 erat,

514 2414 819 2482 sciebant
866 2415 1058 2482 adubi
1105 2421 1321 2484 autem
1366 2419 1580 2504 coepit
1625 2419 1796 2499 seiri,
1834 2439 1957 2486 non
1994 2421 2219 2505 utique
2256 2420 2463 2487 iurare
2501 2420 2804 2504 oportuit,

515 2539 712 2604 quem
755 2522 1010 2588 mentiri
1054 2523 1152 2589 fas
1198 2543 1320 2589 non
1366 2529 1540 2591 esset
1583 2525 1894 2594 arbitrari.
1941 2525 2085 2593 ideo
2134 2546 2282 2612 ergo
2339 2525 2634 2593 dominus
2688 2544 2806 2592 neo

429 2646 478 2690 ιο
516 2645 743 2694 seruos
786 2629 914 2695 iam
959 2629 1167 2696 iurare
1212 2633 1553 2716 praecepit,
1601 2630 1715 2699 sed
1759 2632 1923 2699 tales
1962 2652 2031 2700 se
2068 2633 2423 2709 instituere,
2460 2635 2535 2698 ut
2572 2650 2806 2698 sermo·

513 2733 708 2799 nibus
749 2735 1009 2801 illorum
1053 2734 1214 2802 fides
1260 2735 1587 2804 habeatur.
1635 2741 2099 2806 sacramentum
2147 2737 2315 2805 enim
2360 2737 2520 2804 iuris
2555 2735 2806 2803 iurandi

519 2842 637 2904 aut
688 2838 949 2921 perfidia
1014 2840 1212 2927 exigit
1265 2846 1376 2908 aut
1430 2842 1684 2909 fallacia
1735 2843 2176 2922 inconstantis,
2235 2847 2327 2922 ut,
2385 2842 2536 2926 quia
2588 2841 2808 2908 fallere

516 2945 808 3012 homines
855 2945 1082 3024 solent,
1119 2949 1347 3013 timore
1375 2949 1536 3014 forte
1566 2948 1668 3014 dei
1693 2954 2127 3026 tenerentur-3
2157 2953 2268 3015 aut
2296 2952 2465 3016 certe
2502 2948 2660 3015 satis
2688 2948 2810 3014 erit

523 3054 592 3115 et
635 3051 747 3134 qui
791 3050 1056 3131 fallitur,
1103 3053 1254 3134 quia
1299 3072 1372 3119 ex
1415 3052 1538 3119 hoo
1584 3053 1886 3119 offensam
1934 3053 2229 3138 adquirit.

430 3300 489 3344 ιι
524 3275 813 3342 XLVIII.
861 3274 1031 3343 COR
1076 3275 1165 3351 IN
1210 3275 1428 3344 LEGE
1466 3276 1731 3342 ΕΤῙΔΜ
1765 3276 1931 3345 IPSI
1966 3276 2254 3343 AARON
2292 3275 2622 3344 ch'rtm
2659 3276 2810 3352 SIT,

527 3380 643 3447 ΠΤ
679 3380 841 3448 ΡΒΟ
881 3380 1281 3450 PEccA‘rls
1321 3381 1506 3450 SUIS
1542 3380 2101 3450 HOLOGAUSTA
2141 3380 2593 3463 oFFERRET,
2630 3380 2811 3449 CUM

527 3487 785 3553 cha'r
857 3487 1155 3555 DAUID:
1220 3486 1405 3555 ‘PRO
1478 3487 1859 3554 DELICTIS
1927 3485 2562 3555 HOLOCAUSTUM
2631 3484 2811 3552 NON

528 3590 1068 3660 POSTULASTI’
1131 3593 1237 3658 ET
1296 3593 1390 3660 IN
1454 3591 1917 3661 sussmc'rlsz
1974 3591 2575 3660 ‘HOLOCAUSTIS
2629 3591 2808 3658 NON

530 3698 1199 3767 DELECTABERIS’.
1230 3697 1403 3781 QUO
1440 3698 1684 3766 MODO
1726 3698 2083 3766 OFFERRI
2122 3698 2604 3781 PBAEOEPIT,
2640 3695 2813 3780 QUO

434 3831 496 3874 ao
1259 3804 1437 3873 NON
1494 3804 2086 3872 DELEOTATUB?

619 3942 1034 4010 Manifestum
1089 3950 1193 4012 est
1243 3945 1637 4012 holocaustis
1703 3945 1891 4011 deum
1955 3965 2075 4012 non
2139 3944 2461 4023 delectari,
2524 3942 2635 4010 sed
2702 3962 2815 4028 pro

532 4049 969 4117 satisfactione
1041 4053 1289 4134 peccati
1360 4051 1603 4137 gemitu
1671 4055 1737 4116 et
1798 4049 2012 4116 dolore
2077 4049 2283 4116 cordis
2328 4048 2582 4115 ueniam
2625 4066 2817 4132 posse

530 4157 777 4224 mereri.
824 4155 1202 4224 sacrificinm
1249 4158 1462 4224 autem
1510 4155 1954 4221 testimoninm
1999 4155 2243 4239 peccati
2287 4152 2501 4220 uoluit
2542 4171 2705 4229 esse,
2742 4155 2820 4218 ut

533 4283 607 4330 se
669 4266 962 4347 peccator
1024 4282 1137 4349 per
1199 4261 1582 4330 oblationem
1652 4260 1953 4328 ‘sacrificii
2024 4260 2433 4327 confiteretur·
2494 4276 2817 4344 peccasse.

444 4394 502 4439 aa
533 4369 829 4436 remissio
875 4374 1089 4435 autem
1136 4387 1259 4453 quo
1307 4367 1495 4435 modo
1543 4367 1952 4444 obtineretur,
1997 4367 2136 4451 ipse
2182 4365 2308 4431 alio
2351 4364 2494 4431 loco
2542 4362 2824 4430 ostendit

538 4475 786 4540 dicens:
814 4474 1075 4559 frange
1104 4474 1479 4541 esurienti
1517 4492 1777 4559 panem
1814 4476 2055 4547 tuum3
2091 4470 2158 4537 si
2191 4469 2480 4535 uideris
2519 4468 2816 4545 nudum,

538 4583 743 4648 nesti
812 4585 888 4647 et
949 4580 1408 4648 domesticos
1464 4578 1778 4652 seminis
1843 4578 1962 4644 tui
2024 4574 2633 4659 non.despioies‚
2708 4575 2822 4638 aut

716 4843 752 4897 2
789 4840 927 4898 Gen.
961 4842 1051 4911 22,
1092 4840 1159 4896 16
1239 4840 1274 4895 8
1311 4841 1381 4896 of.
1416 4839 1614 4896 nauh.
1652 4841 1704 4904 5,
1740 4838 1810 4893 84
1897 4835 1965 4891 15
2002 4835 2071 4891 cf.
2106 4835 2239 4890 Leu.
2274 4834 2329 4902 8,
2364 4833 2398 4888 2
2436 4835 2537 4888 etc.
2625 4832 2689 4886 17
2727 4831 2819 4887 Ρι.

542 4931 705 4995 89,7
816 4930 1136 4994 181’250.
1178 4930 1246 4985 18
1351 4927 1803 4995 aemma

617 5056 643 5110 1
683 5055 832 5110 siout
865 5054 931 5109 K
1033 5054 1068 5108 2
1105 5068 1203 5124 per
1237 5056 1439 5108 memet
1470 5052 1646 5123 ipsum
1682 5049 1860 5106 iuraui
1896 5047 2034 5103 dicit
2067 5063 2172 5104 on.
2197 5046 2259 5102 D
2364 5043 2399 5098 8
2437 5047 2616 5100 autom
2651 5058 2756 5101 on.
2787 5059 2825 5096 a

541 5144 751 5199 iurasse
787 5160 826 5199 a
941 5144 973 5198 7
1012 5143 1101 5212 oo]
1138 5141 1236 5196 illo
1272 5139 1339 5196 K
1474 5155 1632 5209 quem
1669 5154 1772 5195 om.
1810 5135 1968 5204 (aad.
2002 5151 2049 5192 ο.
2086 5137 2147 5207 1.)
2180 5134 2242 5190 D
2356 5135 2391 5189 8
2428 5131 2595 5188 adubi
2628 5132 2827 5201 scripti

545 5238 606 5288 at
640 5231 736 5287 ubi
770 5230 932 5288 mro
1054 5232 1090 5287 9
1124 5229 1359 5299 ideoque
1395 5245 1436 5284 a
1564 5228 1631 5283 12
1671 5227 1852 5297 exegit
1886 5225 1986 5281 Da
2114 5224 2180 5279 14
2218 5224 2298 5293 et]
2333 5223 2386 5277 ei
2420 5222 2463 5290 (i
2494 5222 2560 5276 in
2590 5222 2729 5292 ru.)
2764 5219 2833 5274 K

546 5324 607 5377 et
637 5320 779 5389 (σοῦ.
815 5321 1013 5377 timore
1051 5319 1189 5386 eiua)
1227 5318 1322 5390 qui
1453 5317 1519 5374 15
1555 5316 1655 5386 eit]
1693 5318 1780 5371 est
1814 5313 1915 5369 Ka
2039 5313 2108 5368 27
2146 5311 2276 5383 non]
2311 5327 2381 5367 ne
2418 5326 2457 5365 a
