3275 6434
483 1485 567 1549 44
1282 1478 1482 1536 Liber
1516 1480 1981 1550 quaestionum

482 1678 558 1739 ιιι
601 1676 897 1758 putarent
952 1690 1091 1737 reos
1153 1689 1294 1736 esse
1341 1671 1510 1754 apud
1557 1672 1767 1750 deum,
1815 1671 1874 1737 si
1928 1671 2039 1756 qui
2091 1675 2206 1738 aut
2256 1689 2480 1738 uxores
2534 1672 2784 1739 nollent

483 1783 597 1845 aut
642 1778 1053 1863 accipientes,
1100 1781 1177 1843 ut
1222 1776 1490 1858 adsolet,
1539 1797 1841 1865 generare
1887 1797 2008 1844 non
2054 1782 2339 1863 possent,
2386 1778 2571 1862 quasi
2615 1777 2781 1844 nihil

482 1886 660 1953 aliud
689 1904 879 1969 quam
909 1904 1124 1951 semen
1145 1887 1478 1969 quaereret
1502 1884 1679 1962 deus,
1701 1885 1870 1950 sicut
1887 1888 2243 1970 arguuntur
2257 1903 2371 1968 per
2387 1884 2778 1951 Malachiam

478 1993 814 2078 pmfetam.
877 1992 1099 2059 Eseias
1163 2009 1335 2076 ergo,
1382 1993 1461 2056 ut
1513 1990 1942 2057 consolaretur
1987 2009 2096 2056 eos
2152 2010 2312 2074 quos
2370 1992 2540 2057 mala
2590 1990 2779 2058 intel-

479 2099 761 2187 legentia
814 2098 1324 2176 contristauerat,
1382 2097 1602 2164 docuit
1656 2097 1816 2163 nihil
1872 2097 2118 2175 obesse,
2174 2099 2229 2164 si
2286 2097 2429 2182 quis
2485 2100 2601 2163 aut
2653 2115 2776 2163 non
2837 2111 2853 2156 ε

479 2208 702 2289 posset
746 2204 976 2270 habere
1021 2203 1187 2269 filios
1235 2207 1349 2269 aut
1393 2203 1610 2282 nollet,
1659 2203 1810 2270 dum
1856 2204 2044 2270 modo
2083 2203 2186 2269 dei
2222 2206 2430 2288 legem
2468 2207 2778 2269 seruaret.

481 2310 894 2378 maledictum
943 2310 1108 2375 enim
1138 2309 1270 2375 illis
1318 2309 1716 2392 conpetebat,
1763 2310 1872 2392 qui
1920 2328 2065 2375 cum
2104 2314 2366 2394 possent
2400 2328 2474 2376 ac
2511 2309 2776 2382 uellent,

481 2417 697 2483 diuino
755 2416 1048 2482 obstante
1112 2415 1351 2481 iudicio
1424 2415 1676 2482 steriles
1732 2419 1929 2494 erant,
1985 2434 2063 2480 ne
2126 2416 2403 2482 fructum
2471 2415 2781 2482 haberent

480 2523 818 2590 creationis
866 2522 987 2600 dei,
1036 2540 1225 2605 quem
1265 2521 1664 2606 spernebant,
1704 2525 1779 2587 ut
1813 2539 1959 2587 cum
2004 2521 2296 2588 uiderent
2329 2524 2443 2588 aut
2477 2540 2777 2608 generare

481 2648 550 2696 se
615 2647 739 2695 non
804 2647 995 2713 posse
1069 2630 1183 2693 aut
1262 2627 1510 2712 genitos
1573 2627 1833 2693 minime
1897 2626 2245 2711 possidere,
2318 2629 2775 2712 cognoscerent
2810 2644 2853 2688 ιο

479 2733 869 2820 indignantis
916 2732 1020 2798 dei
1066 2734 1225 2798 iram
1273 2750 1414 2798 esse
1461 2736 1527 2798 et
1574 2723 1863 2798 conuersi
1909 2732 2066 2798 satis
2113 2732 2409 2799 facerent.

570 2843 629 2906 2.
666 2839 830 2906 Nam
870 2843 936 2904 et
972 2839 1174 2905 sancti
1223 2838 1365 2917 uiri,
1415 2856 1561 2904 cum
1607 2838 1824 2923 cupidi
1869 2840 2085 2905 essent
2128 2838 2402 2905 filiorum
2441 2842 2508 2904 et
2543 2855 2672 2905 non
2708 2838 2773 2905 id

482 2947 856 3024 obtinerent,
880 2946 1307 3011 aestimabant
1325 2949 1587 3028 peccata
1606 2946 1860 3011 obstare
1881 2949 1947 3011 et
1966 2945 2265 3010 dolebant
2290 2947 2657 3031 ignorantes
2676 2944 2776 3010 dei

480 3071 622 3119 esse
643 3051 1132 3136 prouidentiam,
1154 3050 1259 3115 cui
1281 3050 1717 3116 seruabantur.
1750 3050 2020 3134 denique
2042 3049 2123 3115 ad
2144 3050 2243 3114 dei
2264 3050 2774 3132 procurationem

481 3163 547 3227 et
573 3160 757 3224 Anna
795 3158 1086 3242 concepit
1113 3161 1179 3223 et
1212 3158 1460 3242 peperit
1487 3157 1893 3224 Samuhelem
1931 3160 1999 3223 et
2022 3154 2397 3223 Helisabeth
2425 3157 2771 3223 Iohannem
2806 3172 2853 3218 u

480 3268 546 3332 et
588 3285 747 3331 uxor
790 3265 1019 3330 Manoe
1071 3262 1400 3347 Sampson.
1457 3263 1764 3344 spiritalis
1807 3265 2019 3329 tamen
2063 3262 2501 3347 intellegentia
2543 3262 2611 3327 in
2656 3261 2774 3327 hac

478 3390 672 3438 causa
727 3371 854 3436 ista
917 3373 1036 3447 est,
1104 3373 1177 3434 ut
1240 3368 1564 3434 maledicti
1627 3369 1978 3435 habeantur
2041 3369 2151 3451 qui
2214 3387 2336 3434 non
2398 3368 2776 3451 reliquerint

479 3497 714 3553 semen,
748 3476 916 3560 quod
946 3475 1164 3540 uideat
1190 3475 1538 3549 dominum,
1567 3474 1633 3539 id
1665 3478 1765 3540 est
1792 3474 1923 3557 ‘qui
1951 3493 2074 3540 non
2104 3474 2381 3540 inbuerit
2417 3478 2531 3540 aut
2568 3474 2773 3540 filium

480 3588 591 3650 aut
621 3602 875 3648 seruum
898 3586 1011 3647 aut
1035 3581 1411 3664 proximum,
1435 3579 1545 3663 qui
1574 3579 1678 3646 dei
1706 3581 2001 3646 timorem
2032 3581 2256 3646 doceat
2282 3599 2473 3664 super
2495 3584 2770 3646 terram’.

474 3759 710 3826 XVIII.
765 3756 1048 3839 QUARE.
1104 3755 1320 3824 SAUL
1376 3755 1753 3823 PECCANS
1810 3756 2055 3822 PETIT
2110 3756 2371 3824 ORARI
2424 3755 2590 3822 PRO
2652 3756 2771 3834 SE,
2806 3773 2853 3817 ει

477 3863 588 3931 ΠΤ
648 3862 1304 3931 IGNOSCERE'I'UR
1357 3863 1462 3941 EI,
1518 3863 1623 3928 ΕΤ
1678 3862 2152 3929 INPETRARE
2199 3862 2378 3929 NON
2433 3861 2773 3940 POTUIT,

475 3971 744 4038 DAUID
818 3969 1114 4037 AUTEM
1187 3968 1564 4036 PECCANS
1639 3968 2169 4060 POST-ULAUIT
2241 3970 2347 4035 ΕΤ
2433 3968 2771 4036 UENIAM

1229 4073 1776 4143 CONSECUTUS
1821 4075 2018 4142 EST?

564 4202 621 4265 1.
641 4199 763 4265 Dei
782 4199 1091 4265 iudicium
1112 4199 1441 4265 retractari
1456 4219 1577 4264 non
1595 4198 1919 4283 conuenit;
1936 4218 2080 4264 nam
2097 4199 2374 4264 humana
2386 4199 2771 4266 inbecillitas

472 4306 676 4391 adque
722 4306 1016 4391 inperitia
1063 4305 1166 4370 dei
1215 4324 1283 4371 se
1324 4304 1511 4371 debet
1558 4305 1794 4371 iudicio
1844 4306 2113 4385 erudire,
2151 4306 2216 4370 in
2257 4324 2379 4389 quo
2419 4326 2538 4372 non
2579 4307 2767 4391 sapit,
2803 4319 2853 4363 2⁵

651 4463 685 4516 3
725 4461 791 4516 cf.
829 4461 957 4516 Mal.
995 4461 1046 4530 2,
1089 4462 1154 4517 15
1244 4463 1308 4517 15
1347 4461 1414 4517 cf.
1452 4461 1480 4515 1
1517 4460 1653 4532 Reg.
1694 4463 1741 4523 1,
1779 4461 1852 4516 20
1960 4462 2027 4516 cf.
2065 4461 2194 4519 Luc.
2237 4465 2284 4528 1,
2321 4463 2406 4516 24.
2444 4463 2514 4518 57
2594 4464 2661 4517 16
2697 4463 2766 4518 cf.

471 4549 624 4605 ludd.
668 4550 750 4617 13,
789 4550 839 4603 5.
879 4551 949 4605 24
1062 4551 1129 4604 19
1168 4551 1237 4607 cf.
1274 4550 1364 4605 Ps.
1404 4549 1490 4619 33,
1532 4549 1598 4605 12
1700 4550 1770 4605 20
1809 4550 1877 4606 cf.
1914 4550 1942 4604 1
1979 4551 2114 4620 Reg.
2157 4551 2240 4615 15,
2277 4551 2485 4606 24-31
2590 4551 2661 4606 22
2699 4551 2766 4605 cf.

468 4638 523 4692 11
560 4638 694 4709 Reg.
742 4638 824 4704 12,
865 4640 931 4692 13

541 4745 573 4798 2
614 4747 842 4814 possunt
876 4744 922 4797 0
946 4745 1150 4813 (cort),
1178 4742 1243 4799 N
1344 4744 1380 4799 4
1411 4747 1562 4814 ergo]
1604 4748 1787 4799 autem
1823 4744 1930 4800 ΕΑ
2040 4748 2073 4801 5
2103 4746 2551 4799 constristauerat
2575 4745 2767 4815 (corn,-

467 4834 485 4887 i
514 4839 593 4888 est
618 4849 661 4887 s.
692 4833 751 4902 1.)
769 4831 845 4886 M
867 4833 1319 4887 constraueratX
1419 4834 1536 4903 aut]
1568 4836 1751 4888 autem
1774 4836 1953 4904 (corr.)
1974 4833 2049 4887 M
2117 4833 2148 4887 7
2171 4835 2254 4903 ac]
2282 4833 2462 4888 autN
2524 4835 2560 4890 9
2579 4850 2763 4906 spera·

465 4921 604 4976 bant
619 4919 764 4989 MN,
786 4920 848 4974 Χ
873 4921 1206 4987 (commum
1222 4923 1350 4995 my.)
1426 4923 1492 4977 10
1528 4938 1738 4992 posse·-
1764 4921 1830 4975 N
1934 4926 2327 4992 cognoscerent
2365 4928 2524 4990 (corr.
2562 4938 2762 4993 cogno·

467 5011 663 5075 sceret)
697 5008 763 5062 N
868 5010 930 5064 11
972 5026 1094 5065 cum
1133 5010 1276 5064 uersi
1317 5008 1366 5064 0
1472 5011 1539 5066 16
1577 5026 1770 5065 manue
1806 5010 1980 5065 PNX
2107 5011 2170 5066 17
2211 5028 2318 5066 non
2354 5026 2459 5066 on.
2495 5009 2569 5075 F,
2609 5010 2761 5076 (add.

464 5099 562 5151 αθ
584 5113 627 5152 ε.
660 5097 720 5164 1.)
747 5097 803 5151 B
946 5099 1307 5170 relinquerint
1345 5098 1395 5154 G
1423 5099 1765 5170 reliquerunt
1798 5100 1860 5153 X
1969 5099 2034 5154 18
2071 5098 2230 5155 (lenm
2266 5101 2322 5155 P
2428 5099 2500 5155 20
2536 5115 2690 5155 orare
2719 5098 2768 5153 G

465 5186 529 5240 21
574 5189 638 5241 ιιι
675 5187 1046 5256 ignosceretur
1092 5187 1143 5242 ei
1189 5203 1293 5243 on.
1336 5186 1461 5243 ,NX
1582 5189 1654 5244 22
1698 5187 1915 5243 Dauid.
1935 5229 1949 5243 .
1969 5228 1985 5243 .
2007 5192 2327 5244 consecutus
2373 5191 2461 5243 est
2501 5204 2608 5244 om.
2643 5187 2766 5243 NX

465 5275 536 5330 25
575 5273 805 5345 erudire]
845 5275 1051 5330 eridere
1076 5275 1138 5329 F
1168 5277 1416 5331 inherere
1453 5276 1668 5331 erudire
1710 5275 1778 5342 G,
1800 5278 1854 5331 A
1890 5276 2127 5348 (erudire
2154 5292 2223 5332 ex
2250 5277 2496 5344 erudere)
2530 5277 2760 5333 subdere

468 5365 586 5430 (m3
618 5364 682 5418 in
717 5367 851 5427 ras.)
889 5364 946 5417 B
