3275 6434
578 1450 653 1524 (tap.
672 1449 797 1509 cnm
813 1451 910 1509 8-12
1249 1455 1318 1521 408

172 1664 192 1712 a
211 1645 328 1713 mundo
347 1645 385 1710 ad
406 1644 557 1712 caelestia
572 1662 670 1729 regna
688 1643 837 1710 destinare
855 1643 1032 1712 ostendant
1051 1663 1109 1729 par
1125 1643 1211 1731 quod
1229 1664 1315 1711 men·

171 1757 224 1818 tes
242 1752 407 1818 homiuum
426 1750 603 1817 inlicientes
622 1749 770 1834 deinceps
788 1749 911 1816 inlicita
928 1749 1043 1817 docent
1059 1749 1155 1816 licere
1173 1753 1206 1817 et
1223 1750 1313 1816 licita

173 1859 265 1941 qussi
288 1857 474 1924 inconcessa
497 1856 653 1922 damnare.

221 1965 271 2029 11.
293 1963 381 2029 lineo
404 1966 481 2030 sunt
502 1961 689 2047 praestrigia
707 1964 846 2037 ιιιιιιιιοο,
869 1965 907 2028 ut
924 1979 1036 2028 causas
1054 1961 1202 2039 inuertat,
1221 1961 1313 2045 quasi

136 2086 154 2132 a
173 2085 293 2134 nonum
307 2067 470 2136 insinuans
484 2066 604 2150 aliquid
618 2065 764 2133 excludat
779 2067 958 2144 ueritum,
972 2067 1003 2132 iu
1017 2085 1081 2150 qua
1097 2065 1176 2132 nihil
1193 2084 1314 2132 nouum

173 2179 235 2250 est,
256 2174 332 2257 quia
354 2176 458 2238 totum
476 2177 638 2239 aeternum
657 2176 715 2238 cst
734 2171 805 2254 quis
824 2191 884 2238 non
903 2171 1050 2238 aduertat
1067 2189 1196 2238 sensum
1213 2170 1313 2237 istum

172 2279 212 2344 ab
230 2279 413 2345 aduersario
438 2296 508 2345 esse
531 2276 698 2362 aptatum?
729 2278 802 2361 quis
830 2278 913 2344 enim
936 2276 1053 2344 audeat
1073 2277 1125 2343 dci
1147 2277 1312 2343 inuentum

172 2384 339 2469 reprobare
367 2389 400 2451 ct
427 2383 513 2468 quod
544 2402 715 2468 numquam
749 2383 845 2450 alicui
881 2383 986 2449 obtuit
1019 2381 1081 2449 nisi
1112 2381 1313 2450 aduersarius

171 2488 329 2566 dentatis,
358 2488 423 2571 qni,
445 2492 483 2553 ut
503 2488 708 2572 inpunitatem
730 2506 822 2552 suam
844 2491 942 2573 tegat,
965 2487 1209 2553 sanctimonium
1227 2504 1313 2570 prae

123 2612 156 2658 ao
173 2591 269 2670 dicat,
293 2612 387 2677 quem
410 2612 473 2660 non
495 2597 590 2669 amat,
609 2597 652 2669 at,
671 2592 746 2658 dum
765 2611 803 2658 er
820 2611 857 2658 eo
877 2611 912 2659 re
935 2592 1026 2676 quasi
1048 2593 1148 2658 bonae
1166 2590 1312 2658 uolunta-

172 2698 216 2762 tis
239 2698 388 2776 ostendit,
410 2698 533 2765 inlicita
555 2698 669 2768 suadet
691 2697 782 2782 qnasi
804 2697 915 2763 licita?
938 2697 1138 2764 commendat
1158 2697 1242 2763 euim
1266 2714 1311 2774 sc,

171 2807 211 2867 nt
231 2803 387 2887 promtius
411 2803 512 2881 radat,
535 2821 573 2869 ac
595 2822 651 2887 per
679 2803 738 2868 hcc
768 2802 871 2887 captis
898 2800 1138 2886 inprudentibus
1166 2801 1313 2887 suggerit

173 2926 229 2992 per
251 2927 332 2992 quae
356 2909 428 2991 plns
452 2927 507 2975 eos
529 2908 626 2974 sociat
647 2912 842 2992 percuteres,
865 2908 950 2991 quia,
973 2911 1011 2973 ut
1028 2924 1142 2974 causae
1160 2925 1236 2975 suae
1255 2905 1311 2972 nli-

173 3031 267 3095 quam
292 3014 432 3080 conferat
455 3013 653 3092 medicinam,
685 3012 846 3098 granditer
870 3012 1014 3080 homines
1041 3010 1155 3078 suadet
1179 3030 1311 3095 peccare

126 3141 155 3185 ra
172 3137 323 3204 magnum
350 3138 386 3185 ar
414 3138 452 3186 eo
481 3137 633 3204 quaerens
665 3119 825 3196 solatium,
854 3117 929 3183 dum
957 3117 1096 3184 numinis
1124 3116 1176 3185 sui
1206 3117 1312 3184 socios

172 3226 294 3291 multos
317 3225 458 3291 ostendit
479 3225 583 3291 lenem
605 3243 739 3308 pennam
766 3224 947 3300 aestimans,
975 3223 1041 3289 acsi
1066 3223 1174 3308 grauis
1202 3223 1255 3302 ait,
1283 3222 1312 3290 si

171 3348 281 3396 secum
304 3330 422 3397 multos
448 3331 554 3397 uideat
575 3330 607 3396 in
630 3330 783 3416 gehenna.
811 3328 949 3395 uiderint
974 3328 1167 3412 inpeccatis
1196 3329 1310 3396 ceteris

170 3436 327 3515 homines,
352 3436 428 3502 durn
452 3437 623 3504 uincuntur
644 3435 745 3515 uitiis,
769 3440 825 3501 aut
841 3453 898 3520 per
914 3434 1124 3520 ignorantiam
1143 3433 1313 3501 defendent

169 3560 233 3607 non
257 3541 445 3609 uindicanda
466 3542 528 3611 hio.

126 3667 154 3713 ao
218 3650 268 3712 la
292 3647 381 3729 Quas
404 3648 559 3716 contario
580 3647 699 3731 daoipit
726 3647 985 3731 concupiscentia
1012 3651 1070 3712 aut
1096 3665 1177 3731 quae
1205 3647 1313 3713 obstat
1420 3649 1423 3653 '

170 3752 286 3839 caligo,
309 3757 428 3821 utnon
453 3754 538 3837 qnod
561 3772 670 3820 uerum
694 3757 746 3820 eat
767 3751 928 3820 uideatur!
955 3771 1028 3819 nanu
1055 3752 1159 3819 soient
1184 3751 1309 3818 littam

169 3857 259 3923 aliud
282 3858 383 3925 uideri
406 3858 594 3945 significare,
617 3858 692 3926 dum
716 3863 854 3925 autnon
878 3859 957 3925 bene
984 3857 1227 3942 pronuntiantur
1255 3859 1312 3923 aut

169 3964 328 4048 inproprie
361 3964 589 4049 distinguntur.
622 3984 698 4031 cum·
727 3967 836 4030 autern
865 3963 999 4050 legiturr
1027 3961 1114 4030 ‘iecit
1140 3961 1230 4029 deus’
1262 3966 1309 4028 atr

168 4068 340 4136 ‘benedixit
363 4070 446 4153 quod
469 4071 567 4149 fecit,
594 4071 666 4155 quie
690 4071 762 4135 irino
786 4069 951 4154 disputet?
974 4068 1045 4152 quis
1068 4067 1214 4134 dubitet?
1237 4067 1309 4150 quis

121 4193 151 4240 aa
168 4173 256 4258 quod
286 4175 488 4243 benedictum
520 4176 621 4256 audit,
654 4175 860 4242 maledictum
887 4172 988 4259 putet,
1016 4174 1078 4241 nisi
1104 4173 1166 4239 alio
1194 4173 1308 4257 spiritu

259 4330 294 4386 10
313 4328 346 4385 ci.
366 4330 431 4386 Luc.
449 4331 476 4396 2,
496 4331 530 4386 14
585 4331 618 4386 rt
637 4329 671 4386 ni.
691 4328 826 4386 (iaudent
846 4344 925 4384 aerrn.
944 4329 978 4386 18
996 4327 1055 4398 (XX
1073 4327 1184 4396 81811)

206 4440 218 4491 l
240 4436 390 4493 ostendunt
407 4437 440 4492 N
525 4438 542 4492 2
561 4435 665 4491 donarit
682 4434 738 4490 ΝΒ
760 4433 870 4491 doceret
894 4434 929 4498 0,
952 4438 1033 4504 (corr.
1054 4437 1102 4488 aas
1124 4432 1263 4502 docerent)
1281 4433 1308 4488 A

166 4526 311 4581 tineeaaa
328 4523 366 4578 Ν
415 4525 602 4595 ipraestigia
619 4522 678 4578 ΝΧ
749 4522 889 4578 inuertant
905 4523 934 4577 P
993 4518 1195 4576 tinainuast'
1264 4536 1308 4575 aa·

166 4611 280 4668 cludant
298 4612 328 4665 Χ
390 4614 468 4669 teat
486 4611 536 4667 eit.
554 4627 606 4668 oar.
625 4611 661 4666 Μ
730 4615 840 4666 anonas
857 4611 888 4665 X
944 4607 1147 4665 indueraarioa
1164 4606 1309 4663 asom

166 4700 330 4756 aduenariia
350 4699 405 4756 GA
458 4698 568 4756 acideat
584 4698 622 4754 Μ
636 4697 776 4754 audiatO
814 4697 1018 4754 Gadueraarioa
1038 4695 1089 4752 OB
1127 4696 1196 4752 sor
1212 4695 1310 4750 nano

166 4788 373 4844 sanctimoniam
393 4788 454 4844 NX
497 4785 925 4857 recompensatorem.
979 4785 1011 4840 ll
1032 4788 1154 4840 causat
1171 4783 1199 4840 Ρ
1215 4788 1307 4839 caten·

165 4873 215 4929 det
234 4874 290 4931 CN
356 4893 407 4932 rua
424 4876 472 4932 det
489 4875 518 4929 F
534 4874 650 4930 suadeat
667 4874 702 4942 P,
712 4876 788 4930 Assa
867 4890 898 4929 ae
915 4874 987 4930 enim
1008 4872 1062 4929 ΟΔ
1126 4872 1159 4927 12
1177 4877 1309 4942 suggerat

167 4961 252 5018 CNX
301 4965 335 5019 14
353 4963 474 5035 proditer
491 4964 522 5019 X
572 4965 605 5020 lt
623 4963 753 5019 wlaoiuru
771 4962 829 5018 ΡΝ
902 4961 988 5017 antica
1002 4959 1063 5015 110
1110 4960 1144 5015 lt
1161 4960 1219 5015 acsi
1236 4958 1308 5014 idean

164 5050 241 5120 qaod
258 5054 320 5113 etsi,
340 5068 501 5122 quamquam
609 5052 656 5122 ait}
674 5053 713 5106 rit
737 5055 762 5117 (t
779 5055 862 5117 ersa.)
875 5049 905 5105 Ν
996 5050 1027 5104 17
1046 5064 1136 5103 secum
1156 5063 1208 5103 oaa.
1227 5047 1306 5114 (add.

163 5155 187 5196 a.
203 5138 284 5207 1111
377 5139 471 5194 uideat
490 5144 514 5205 (t
531 5141 613 5209 eros.)
632 5139 665 5194 N
751 5138 809 5209 pc]
828 5136 874 5194 tic
890 5138 991 5193 deaiaa't
1008 5136 1040 5191 Ν
1127 5140 1232 5191 cetoros
1252 5134 1307 5191 GA

166 5226 201 5282 18
218 5234 267 5282 aut
280 5233 346 5297 poet
365 5226 429 5282 dnm
448 5227 514 5283 odd.
532 5228 560 5282 P
650 5228 682 5282 ru
702 5224 836 5282 uincanda
853 5230 931 5294 (corr.
950 5225 1053 5295 saait'
1132 5223 1165 5279 21
1186 5229 1259 5279 sanet
1278 5223 1308 5277 ,t

163 5314 200 5370 22
216 5315 407 5386 pronuntiatur
425 5313 459 5369 dr
