3275 6434
310 1156 377 1223 334
703 1155 803 1211 Liber
821 1156 1055 1227 questionum

310 1350 344 1413 et
372 1351 482 1430 captos
509 1348 612 1414 fucere
644 1348 793 1414 seruituti
825 1348 1001 1414 obnoxios?
1031 1349 1121 1416 uides
1148 1368 1223 1435 ergo
1250 1355 1364 1435 postea
1390 1353 1456 1420 hoc

309 1452 474 1519 inuentum
496 1456 530 1519 et
551 1472 612 1519 uou
635 1473 707 1520 esse
730 1454 798 1531 isti,
822 1454 879 1519 ssd
901 1457 992 1520 nctus
1016 1454 1195 1532 demonum,
1223 1455 1307 1538 quia,
1335 1457 1364 1522 si
1394 1458 1454 1524 inti

197 1638 198 1641 Ἴ
309 1559 435 1634 inisset,
458 1559 497 1624 ab
520 1559 612 1625 initio
640 1559 748 1624 mnndi
777 1559 903 1625 fuisset.
931 1560 1001 1642 ipsa
1029 1561 1109 1626 enim
1134 1562 1210 1626 sunt
1232 1560 1346 1639 sidera,
1370 1582 1452 1647 quse

309 1665 394 1731 ncta
417 1666 545 1732 suntin
569 1666 671 1742 initio,
694 1669 728 1731 et
749 1665 780 1730 in
804 1684 841 1730 eo
865 1676 972 1731 manet
993 1683 1106 1731 cursus
1125 1685 1244 1732 eornm.

355 1772 407 1838 48.
425 1771 469 1836 lit
485 1775 578 1836 autea
595 1772 664 1836 uita
681 1771 844 1837 hominnm
868 1772 1003 1856 agrestis
1023 1776 1090 1836 erat
1111 1790 1169 1837 nec
1193 1772 1317 1839 diuitiis
1343 1775 1452 1841 stude·
1479 1791 1492 1836 o

308 1875 418 1943 batur:
433 1895 496 1959 quo
515 1876 608 1942 modo
626 1895 709 1942 nuuc
727 1878 880 1961 astrologi
899 1895 955 1960 per
973 1882 1059 1943 astru
1072 1876 1181 1943 dicunt
1197 1877 1314 1943 diuites
1328 1885 1364 1942 ct
1375 1900 1453 1964 pan·

309 1997 400 2066 peres
423 1982 511 2047 fieri?
535 1982 688 2064 numquid
710 1986 835 2048 mumta
857 1989 930 2048 sunt
954 1988 1048 2060 nstra,
1072 1986 1129 2047 aut
1153 1984 1295 2049 uersutia
1312 1991 1346 2050 et
1364 2004 1453 2069 prae·

310 2087 443 2173 stigium
467 2089 517 2153 est
538 2091 676 2166 satanw,
699 2092 737 2153 nt
758 2106 795 2153 ea
817 2107 873 2171 per
895 2088 1006 2153 stellas
1025 2087 1207 2166 dicatiori,
1226 2108 1307 2171 qnae
1325 2092 1451 2175 augelis

309 2193 379 2260 suis
398 2193 551 2258 ministris
570 2192 740 2275 operatur?
758 2191 927 2259 accedente
945 2195 1029 2258 enim
1048 2197 1199 2277 tempore,
1219 2214 1282 2278 qno
1300 2196 1452 2264 interitus

310 2299 339 2365 ei
362 2297 604 2382 adpropinquat,
627 2297 746 2362 meiere
768 2296 941 2374 adiuuenit
964 2318 1021 2381 per
1042 2317 1122 2381 ques
1144 2304 1302 2382 peccetur.
1470 2319 1494 2362 io

355 2404 406 2470 49.
425 2404 506 2470 Ecce
525 2403 646 2469 scimus
664 2404 748 2469 iame
765 2402 926 2469 laborasse
944 2403 1070 2469 Italiam
1089 2407 1122 2469 et
1138 2404 1289 2484 Africam,
1308 2405 1453 2473 Siciliam

311 2515 345 2576 et
372 2509 564 2577 Sardiniam:
593 2509 700 2575 dicant
727 2509 953 2587 mathematici.
983 2510 1011 2574 si
1039 2527 1148 2576 omnes
1172 2510 1203 2575 hi
1228 2530 1324 2577 unum
1349 2512 1451 2578 iatum

310 2615 497 2692 habueruut,
521 2633 593 2681 cum
616 2615 697 2680 inter
720 2618 846 2680 eentum
869 2633 928 2680 nec
948 2614 1087 2680 duorum
1110 2615 1172 2680 sibi
1196 2615 1260 2680 iata
1282 2619 1453 2684 conuenire

311 2738 405 2806 posse
428 2720 582 2786 dicantur.
602 2720 790 2787 crubescant
811 2725 846 2785 et
868 2725 996 2785 taceant
1019 2725 1051 2784 et
1074 2719 1132 2785 deo
1156 2720 1318 2805 subplices
1337 2742 1452 2789 manns

311 2825 450 2903 tendant,
474 2826 505 2890 in
529 2825 621 2892 cuins
644 2829 802 2908 potestate
821 2832 898 2890 snut
921 2826 1036 2892 omnia.
1060 2825 1167 2890 sedin
1190 2826 1251 2892 hoc
1272 2828 1353 2893 forte
1378 2829 1453 2894 sub·
1470 2849 1496 2892 n

310 2936 435 3016 reptem
457 2934 509 2997 est
530 2931 621 2997 istis:
644 2931 721 3013 qnid
743 2931 888 2998 dicemus
916 2931 955 2996 de
982 2931 1151 3010 Pannonia,
1180 2951 1261 3015 quae
1288 2934 1334 2998 sic
1363 2954 1455 3001 erasa

312 3040 372 3116 est,
395 3042 433 3103 ut
454 3037 627 3104 remedium
651 3037 765 3102 habere
788 3056 848 3102 non
873 3038 997 3120 possit?

352 3145 405 3209 50.
430 3142 642 3209 Oinfirmitns
662 3160 781 3219 eorum,
800 3142 855 3225 qui
874 3142 935 3208 fide
954 3143 1092 3227 pendula
1110 3141 1308 3209 Christianos
1327 3165 1362 3210 se
1381 3167 1453 3230 pro-

309 3248 451 3315 fitentur!
477 3249 552 3314 dum
581 3250 663 3314 enim
692 3249 730 3314 de
757 3248 924 3332 promissis
952 3237 1109 3324 dubitent,
1138 3267 1196 3314 nec
1225 3250 1264 3315 (ie
1292 3250 1341 3316 his
1370 3271 1452 3335 quae

309 3355 491 3422 factasunt
514 3355 664 3439 cogitent
692 3354 720 3419 si
744 3354 827 3419 enim
851 3373 888 3420 ea
920 3374 999 3438 qnae
1023 3375 1042 3420 a
1064 3355 1196 3438 profetis
1229 3360 1262 3421 et
1293 3359 1450 3439 apostolis
1469 3377 1496 3422 ao

308 3465 401 3547 gesta
427 3466 502 3527 sunt
529 3460 771 3539 considerarent,
799 3480 973 3543 numquam
1001 3460 1124 3525 fabulas
1153 3461 1451 3529 mathematicorum

308 3567 518 3632 admitterent
532 3567 650 3632 scirent
668 3566 751 3631 enim
772 3567 875 3631 omnia
890 3567 921 3630 in
941 3565 992 3631 dei
1004 3582 1081 3632 'esse
1100 3571 1259 3650 potestate
1278 3585 1336 3632 nec
1355 3571 1451 3635 terre·

307 3676 425 3750 rentur,
449 3671 573 3755 quando
601 3672 692 3738 bonis
720 3674 804 3736 main
835 3672 994 3747 occidunt.
1024 3672 1099 3754 quia
1131 3672 1161 3736 in
1189 3672 1297 3737 futuro
1329 3672 1451 3742 iudicio

307 3778 600 3856 remunerabuntur,
623 3796 778 3843 memores
798 3777 936 3861 apostoli
955 3776 1104 3842 dicentis:
1124 3777 1219 3859 qnia
1236 3796 1306 3860 per
1324 3778 1450 3845 tribn-

309 3882 501 3962 lationes‚
524 3884 638 3966 inquit,
662 3886 827 3967 oportet
849 3902 919 3949 nos
943 3883 1099 3947 intrare
1123 3884 1161 3947 in
1185 3901 1347 3966 rognum
1374 3884 1448 3949 dei.
1468 3910 1494 3952 ae

308 3993 474 4055 contentus
505 3988 587 4054 enim
615 3993 648 4054 et
674 3988 724 4053 dei
753 3988 804 4053 sni
832 3991 1015 4072 exspectans
1044 3986 1199 4053 iudicium
1227 3996 1449 4056 remuneratus

396 4247 433 4301 24
450 4249 511 4303 Act.
533 4247 574 4309 14,
593 4246 628 4300 22

343 4403 430 4457 cisti
444 4404 502 4472 pn]
522 4402 586 4457 istis
604 4402 632 4456 P
731 4402 882 4456 demonium
901 4404 921 4467 (i
939 4408 1010 4470 exp.)
1028 4402 1059 4454 N
1144 4401 1214 4456 aab
1233 4402 1449 4457 initio-inisset

307 4490 399 4548 oceo
453 4491 532 4559 teo]
553 4507 567 4544 e
586 4494 665 4555 (corr.
684 4506 718 4544 us.
736 4506 788 4544 rec.
807 4493 941 4556 eternum)
960 4489 997 4544 M
1061 4491 1225 4558 5ugrestris
1244 4489 1276 4542 N
1339 4492 1449 4546 tiastra

308 4579 365 4648 logi
386 4578 456 4642 (M
475 4579 569 4647 (corr.)
639 4577 769 4632 8stelleu
786 4579 930 4646 (comilis
1000 4579 1032 4633 10
1051 4577 1162 4632 aduenit
1175 4578 1204 4631 X
1283 4579 1451 4648 peccatori)

309 4666 340 4721 li
362 4666 481 4721 affricam
501 4665 607 4720 PCFB
690 4666 801 4720 cilitium
820 4669 914 4734 (corr.)
932 4666 994 4720 MA
1085 4667 1117 4720 12
1136 4665 1281 4720 sardiniem
1300 4669 1395 4735 (corr.)
1413 4668 1451 4721 Μ

308 4754 443 4809 sardinum
462 4753 518 4809 FG
590 4753 628 4806 hii
650 4753 787 4820 G(corr.),
806 4753 863 4807 XX
926 4755 958 4809 18
977 4753 1131 4808 habuerunt
1148 4771 1199 4808 om.
1217 4754 1246 4808 P
1299 4756 1332 4809 15
1352 4754 1448 4809 tendat

308 4841 451 4912 (corr.)N
539 4841 571 4894 16
591 4841 752 4895 cstosuN
847 4842 1013 4897 dicanrnsO
1109 4841 1258 4912 doldede
1279 4841 1451 4897 00·ch

208 4958 213 4972 ι
307 4931 425 5000 panonia
442 4927 550 4998 MN
564 4932 654 4996 (corr.)
723 4929 755 4981 18
774 4928 881 4998 quiaO
947 4930 1202 4998 repromissioni
1269 4931 1304 4984 24
1323 4931 1446 5000 apostolo

308 5017 364 5071 FB
416 5015 621 5071 acconensi!
692 5021 874 5071 remuneratos
895 5016 949 5071 (Μ
