3275 6434
647 1496 731 1560 70
1432 1493 1624 1549 Liber
1660 1494 2119 1563 quae-tionum

645 1688 898 1770 spurius
912 1709 928 1762 ς
944 1691 1079 1751 erat
1095 1687 1262 1751 enim
1279 1687 1448 1751 filius
1466 1686 1833 1752 meretricia.
1850 1684 2072 1751 deinde
2083 1685 2398 1751 Abraham
2418 1686 2919 1752 conuersationis

644 1791 944 1877 optimae,
969 1790 1226 1874 Iepthae
1261 1796 1473 1859 autem
1510 1792 1799 1877 princepe
1835 1792 2171 1859 latronum.
2208 1790 2520 1856 Abraham
2560 1791 2662 1856 uir
2704 1791 2917 1858 iustus

642 1900 709 1962 et
750 1897 815 1962 in
859 1898 1273 1979 temptatione
1316 1896 1648 1979 probatus:
1695 1897 1755 1960 in
1811 1896 2064 1980 leptbae
2117 1895 2281 1962 enim
2338 1896 2582 1962 nullum
2633 1896 2920 1962 iustitiae

643 2001 1099 2068 teatimonium.

733 2108 791 2170 2.
820 2105 1108 2172 Abrabae
1134 2107 1347 2190 itaque
1375 2110 1779 2192 praeceptum
1809 2110 1929 2184 eet,
1959 2110 2032 2170 ut
2058 2105 2260 2171 filium
2292 2123 2480 2170 suum
2519 2105 2633 2171 deo
2663 2106 2917 2172 offerret
2983 2125 3011 2164 5

642 2216 707 2276 et
742 2215 818 2277 ut
853 2211 1211 2278 ostenderet
1236 2211 1599 2278 hominibus
1637 2214 1939 2295 qnantum
1976 2210 2094 2277 deo
2122 2210 2406 2277 crederet
2432 2209 2768 2287 Abrabam.
2808 2212 2922 2292 qui

641 2334 757 2382 nec
782 2316 980 2381 filiurn
1022 2335 1208 2381 suum
1245 2316 1502 2383 iubente
1539 2335 1611 2382 co
1652 2316 1970 2383 dubitauit
2005 2314 2307 2382 occidere.
2346 2316 2455 2399 qui
2493 2317 2659 2382 enim
2699 2319 2919 2382 contra

641 2419 858 2487 mundi
897 2439 1076 2504 spem
1111 2421 1285 2486 nasci
1326 2440 1468 2487 eum
1505 2421 1720 2504 potuit
1752 2421 1956 2487 facere
1993 2420 2071 2486 de
2118 2421 2321 2487 sterili
2367 2424 2433 2487 et
2478 2421 2747 2500 anicula,
2796 2439 2921 2486 non

638 2524 765 2592 fnit
818 2525 1188 2611 ambiguum
1242 2527 1412 2609 quod
1467 2528 1682 2592 contra
1740 2524 1953 2592 mundi
1999 2526 2303 2592 rationem
2360 2531 2583 2610 posset
2634 2546 2779 2592 eum
2829 2544 2923 2591 re-

641 2631 949 2698 suscitare
987 2650 1025 2696 a
1060 2631 1345 2697 mortuis.
1383 2632 1500 2697 hoc
1537 2630 1707 2697 facto
1744 2632 2105 2697 cumulatus
2145 2634 2246 2697 eat
2286 2631 2537 2698 institia
2582 2631 2921 2698 Abraham.
2964 2648 3017 2690 ιο

639 2735 918 2801 oetendit
960 2736 1124 2802 enim
1173 2737 1352 2814 deuo,
1398 2737 1548 2820 qnia
1582 2754 1705 2803 non
1744 2737 2113 2822 sanguinem
2151 2737 2331 2821 pueri
2367 2741 2761 2822 poposcerat,
2802 2737 2919 2804 sed

640 2844 718 2907 ut
757 2841 1037 2908 famulus
1091 2859 1247 2908 eune
1292 2841 1607 2907 Abrabam
1658 2841 1779 2908 hoc
1824 2841 1992 2907 facto
2040 2842 2286 2909 auctior
2328 2841 2527 2908 fieret.
2573 2841 2919 2927 diligentes

640 2946 806 3012 enim
853 2964 922 3011 ae
967 2945 1206 3029 aliquid
1252 2946 1383 3030 pati
1431 2945 1595 3026 uult,
1650 2950 1727 3013 ut
1778 2947 1948 3013 iuste
1993 2946 2139 3012 illos
2185 2965 2553 3030 promouere
2599 2947 2920 3026 uideatur,

728 3055 785 3119 3.
850 3050 1012 3119 Nam
1085 3052 1341 3136 lepthae
1415 3052 1602 3119 homo
1675 3053 2066 3119 facinerosae
2136 3058 2201 3118 et
2271 3054 2641 3136 inprouidus
2714 3053 2920 3118 stulta

637 3157 976 3225 deuotione
1068 3175 1298 3222 munna
1380 3156 1497 3223 deo
1577 3157 1871 3239 promisit
1962 3157 2205 3223 dicens:
2292 3157 2649 3241 quicquid
2732 3157 2918 3223 mihi
2965 3176 3014 3216 ιιι

637 3262 984 3328 redeunti
1031 3282 1070 3326 a
1115 3261 1339 3326 caede
1395 3263 1815 3328 occurrerit-
1870 3265 2039 3327 ante
2105 3264 2297 3327 ostia
2366 3263 2624 3328 domus
2690 3281 2919 3329 meae.

637 3369 774 3434 hoc
839 3367 1152 3432 offeram
1218 3365 1370 3431 deo.
1439 3365 1744 3450 numquid
1801 3371 2060 3431 coactus
2116 3366 2377 3432 deuouit
2432 3374 2540 3432 aut
2606 3367 2917 3450 numquid

634 3471 943 3539 intellexit
1013 3489 1137 3553 quo
1202 3469 1387 3535 modo
1463 3470 1720 3536 deberet
1793 3473 2016 3536 uotum
2090 3473 2334 3537 facere?
2398 3471 2550 3554 quid
2625 3471 2795 3537 enim
2860 3473 2918 3534 si

633 3577 805 3643 canis
853 3575 950 3641 illi
995 3581 1107 3642 aut
1150 3576 1367 3641 asinus
1415 3577 1816 3654 occurrisset,
1873 3576 2046 3659 quod
2093 3576 2247 3643 deus
2304 3577 2511 3643 offerri
2566 3576 2916 3661 prohibuit.

637 3687 748 3748 aut
825 3682 880 3746 si
952 3680 1123 3747 filius
1206 3682 1469 3759 alienus,
1543 3686 1658 3746 aut
1729 3683 1786 3748 ei
1860 3701 2034 3760 uxor,
2115 3687 2190 3747 ut
2265 3684 2325 3747 in
2410 3682 2624 3748 dolore
2706 3683 2915 3748 alieno
2951 3696 3005 3739 :¹0

634 3788 921 3853 exultans
986 3785 1273 3852 redderet
1335 3791 1602 3858 uotum?
1657 3787 1892 3853 idcirco
1948 3786 2315 3871 inprouidae
2369 3787 2566 3853 menti
2622 3785 2794 3870 quod
2849 3788 2911 3851 in

633 3891 898 3959 alienam
962 3892 1299 3975 perniciem
1357 3890 1720 3971 deuoueret,
1775 3892 1837 3958 in
1893 3892 2077 3958 illum
2135 3892 2344 3976 ipsum
2407 3891 2638 3958 iudicio
2693 3891 2911 3958 diuino

636 4000 940 4063 retortum
1000 4001 1119 4065 eet.
1166 4000 1232 4062 et
1283 4015 1490 4079 usque
1544 3996 1701 4065 adeo
1755 3999 2115 4064 insensatus
2170 3997 2297 4063 fnit
2341 3998 2621 4081 Iepthae,
2665 4002 2744 4062 ut
2796 4016 2911 4064 nec

633 4105 855 4186 postea
883 4102 1083 4169 stulte
1110 4120 1178 4168 ee
1208 4102 1550 4169 denonieee
1579 4107 2006 4189 cognosceret,
2038 4108 2109 4167 ut
2137 4121 2307 4168 error
2332 4103 2491 4181 eius,
2522 4105 2632 4187 qui
2660 4103 2739 4170 ab
2769 4105 2909 4188 ipen

632 4212 941 4292 coeperat,
989 4227 1099 4291 per
1140 4208 1350 4291 ipsum
1409 4213 1475 4274 et
1529 4209 1985 4275 emendaretur.
2042 4209 2406 4294 intellegere
2466 4209 2630 4274 enini
2686 4207 2907 4275 debuit
2940 4225 2993 4266 a

633 4312 818 4378 deum
872 4332 993 4379 non
1047 4313 1161 4378 tali
1218 4313 1524 4379 sacrificio
1571 4314 1865 4380 delectari
1915 4316 1981 4377 et
2014 4325 2245 4398 *rogare
2299 4333 2411 4396 pro
2469 4314 2742 4379 stultitia
2792 4334 2904 4381 auu

811 4521 833 4573 1
876 4520 943 4574 cf.
983 4518 1136 4573 Iudd.
1183 4522 1261 4584 11,
1302 4521 1326 4573 1
1438 4522 1472 4572 2
1510 4521 1577 4574 cs.
1619 4519 1774 4574 ludd.
1820 4522 1901 4575 ll.
1941 4525 1973 4573 3
2072 4524 2104 4570 5.
2134 4521 2199 4575 cf.
2231 4518 2365 4576 Gen.
2396 4521 2482 4576 222.
2513 4523 2544 4573 ’2
2650 4523 2715 4576 15
2744 4521 2902 4576 Iudd.

633 4609 714 4670 11,
755 4607 818 4660 31
936 4607 1002 4660 19
1039 4608 1108 4661 cf.
1146 4607 1308 4664 Dent.
1348 4607 1435 4669 23.
1476 4607 1545 4661 18
1581 4608 1701 4674 (19)

697 4730 732 4784 8
766 4730 823 4784 in
860 4731 1240 4800 temptatione}
1276 4730 1331 4784 in
1370 4732 1612 4786 tenh’one
1651 4735 1811 4797 (corr.
1842 4733 2133 4799 tetatioue)
2165 4733 2213 4786 0
2234 4733 2898 4806 interpnayetationeoGA

629 4820 662 4873 5
702 4816 895 4872 oleret
928 4816 1110 4872 101⁶*
1173 4820 1207 4872 6
1244 4822 1307 4872 nt
1340 4835 1441 4875 om.
1478 4816 1648 4875 PoN
1647 4819 1702 4872 Χ
1810 4817 2186 4876 ostenderetur
2210 4819 2268 4875 Ρ
2371 4819 2438 4876 de
2476 4819 2575 4876 deo
2602 4819 2660 4875 Ρ
2727 4822 2759 4874 ‘a'
2795 4837 2898 4881 nen

627 4907 817 4973 (ενα.)
852 4904 1129 4961 dubitauit
1163 4905 1224 4961 N
1347 4906 1382 4961 8
1417 4907 1621 4970 animle
1646 4905 1721 4960 M
1838 4909 1874 4964 9
1910 4909 2087 4978 poenit
2112 4907 2187 4963 Π
2298 4908 2365 4963 10
2400 4907 2702 4965 cumulata·
2728 4906 2907 4964 MOI·

631 4994 694 5049 11
732 4997 1053 5064 popo-oeret
1090 4994 1139 5046 C
1221 4995 1285 5048 12
1321 4998 1508 5051 auctor
1545 4994 1665 5049 NA·
1743 4995 1813 5050 18
1846 4997 2148 5066 promoueri
2188 4994 2354 5052 NFB
2462 4997 2529 5051 14
2566 4995 2898 5052 facinore-ne

625 5081 848 5138 Pom(
954 5082 1020 5137 15
1054 5080 1401 5139 deuoh'onem
1437 5101 1574 5140 unu·
1610 5083 1686 5139 11
1716 5084 1869 5140 uouit
1901 5101 2163 5141 nemone·
2200 5101 2361 5155 qnam
2394 5088 2440 5131 {-
2536 5086 2603 5140 16
2642 5101 2677 5141 a
2709 5085 2897 5156 model

626 5169 778 5226 caedi
817 5170 867 5224 C
991 5171 1057 5226 19
1093 5170 1245 5226 offeri
1280 5173 1468 5240 (corr.)
1502 5173 1563 5229 N
1596 5171 1789 5229 offerre
1824 5173 1887 5229 Χ
1999 5174 2071 5229 20
2105 5176 2202 5230 aut
2237 5173 2359 5242 ale.)
2397 5180 2495 5229 aut
2527 5189 2694 5242 (corr.
2732 5178 2819 5245 nt)
2856 5176 2905 5230 ί*

625 5259 673 5313 ai
709 5257 811 5314 alt.
848 5274 949 5314 om.
987 5258 1062 5314 Π
1197 5259 1422 5316 alteriue
1443 5258 1500 5315 P
1605 5261 1670 5315 21
1710 5259 1996 5332 inprouide
2028 5261 2145 5327 ΟΡ,
2180 5264 2343 5316 (corr.
2380 5263 2478 5317 ΜΒ
2510 5261 2817 5334 inprouida)
2846 5263 2898 5316 6

624 5347 696 5402 28
733 5349 819 5401 eet
853 5362 953 5402 om.
985 5345 1056 5400 M
1160 5347 1230 5401 24
1265 5348 1394 5418 quia
1429 5348 1482 5402 P
1585 5349 1655 5402 25
1694 5351 1750 5401 ot
1784 5364 1887 5402 om.
1931 5349 2096 5403 CNx
