3275 6434
660 1436 734 1505 Cep.
753 1433 858 1491 cxiiii
878 1435 992 1492 18-22.
1334 1441 1399 1506 313

258 1626 558 1693 bebeo'iterum
584 1627 767 1693 sumendi
791 1645 884 1692 enm.
908 1645 968 1693 non
991 1646 1066 1712 ergo
1090 1635 1221 1694 conotus
1241 1635 1290 1695 est
1307 1631 1399 1710 mori,

260 1734 315 1815 qui
336 1736 528 1817 potestntem
552 1732 663 1798 hebuit
685 1737 718 1798 et
739 1733 821 1797 mori
844 1736 877 1798 et
893 1750 1067 1816 resurgere.
1091 1733 1170 1800 huuc
1196 1735 1251 1818 qni
1279 1737 1400 1815 obnuit,

258 1857 320 1904 non
343 1839 461 1922 poterit
479 1837 583 1904 dicere
600 1838 755 1904 uiolenter
772 1837 822 1902 illi
838 1841 976 1902 mortem
992 1838 1131 1903 inlutum.
1155 1839 1184 1903 ei
1202 1840 1286 1904 enim
1304 1840 1399 1907 istem

258 1947 366 2028 negot,
388 1961 446 2010 nec
468 1947 630 2010 mortuum
652 1943 746 2007 illum
767 1943 886 2024 poterit
911 1942 1107 2022 adnuerem,
1130 1944 1206 2028 quin
1228 1945 1306 2012 bueo
1331 1936 1400 2012 illio

226 2051 472 2128 econtineutun
495 2050 550 2115 nbi
573 2050 668 2115 morti
691 2048 826 2115 traditus
849 2049 975 2134 legitur.
999 2068 1091 2116 nemo
1115 2051 1198 2116 enim
1221 2070 1257 2117 er
1280 2055 1400 2136 superi·

255 2156 368 2224 oribus
390 2161 553 2241 postremo
578 2158 635 2220 eut
661 2173 697 2220 er
719 2155 889 2237 postremis
916 2155 1080 2237 superiore
1101 2155 1300 2234 condemnet,
1327 2158 1401 2240 quin

257 2262 450 2328 oontrnrium
474 2279 535 2327 non
560 2260 717 2343 estquod
740 2259 835 2325 unius
859 2261 998 2344 corporis
1021 2263 1081 2326 nst

304 2369 359 2433 22.
381 2367 429 2434 De
451 2367 585 2434 mortuis
608 2370 715 2432 sutem
739 2365 824 2449 quod
846 2370 1023 2452 resurgunt,
1041 2368 1114 2434 dolo
1134 2368 1242 2434 dicunt
1260 2368 1397 2434 stultum

260 2474 398 2539 credere.
419 2473 529 2538 uident
547 2472 632 2537 enim
650 2472 791 2555 exemplu
809 2472 925 2554 quibus
945 2473 1095 2539 credibile
1113 2474 1280 2540 indicetur.
1298 2474 1402 2539 omnis

215 2599 242 2645 ιο
261 2579 348 2644 enim
371 2578 493 2644 semine
514 2577 627 2643 usibus
649 2576 835 2653 necessaria,
859 2577 921 2642 nisi
944 2576 1101 2644 dissolute
1126 2576 1252 2658 fuerint,
1278 2577 1400 2642 renosci

259 2702 372 2750 rursus
396 2701 456 2748 non
479 2686 636 2765 potemnt.
658 2683 685 2748 si
710 2682 787 2747 bueo
811 2683 843 2753 in
862 2684 979 2749 mundo
998 2683 1162 2749 bominum
1182 2700 1279 2748 ceusu
1297 2681 1400 2747 decre·

262 2788 322 2866 nit,
336 2807 390 2854 nun
407 2787 534 2855 illorum
552 2788 692 2871 ipsorum
712 2789 896 2871 corporibus
914 2790 943 2854 ni
961 2789 1039 2854 hoec
1056 2792 1276 2871 praestaturus
1295 2787 1402 2853 crede·

260 2899 326 2973 tur,
350 2893 485 2959 stultum
508 2896 631 2976 putent,
658 2894 720 2958 nisi
744 2895 818 2977 quin
841 2894 903 2978 ipsi
927 2894 1019 2960 stulti
1046 2897 1131 2971 sunt,
1159 2893 1216 2976 qui
1239 2892 1314 2975 plns
1342 2891 1400 2958 deo

261 3019 326 3066 non
344 2999 429 3077 dunt,
448 3017 542 3082 quem
559 3003 666 3082 potest
679 2999 838 3065 mundns?
851 3000 1008 3065 uirtutum
1021 3003 1127 3064 tumen
1142 3001 1303 3083 gesturum
1316 3017 1401 3064 nunc

215 3129 246 3175 ns
263 3124 368 3191 usqne
389 3104 520 3188 apparet
541 3106 660 3171 umbre.
685 3107 759 3188 quin
781 3106 866 3171 onim
887 3111 1014 3189 tempus
1037 3123 1098 3170 nou
1118 3109 1169 3170 est
1186 3103 1400 3171 faciendorum

263 3213 423 3278 uirtutum
457 3245 499 3258 -
530 3211 621 3277 initio
650 3212 734 3277 enim
760 3210 830 3277 fleri
856 3212 1007 3294 oportuit,
1034 3217 1072 3275 ut
1099 3229 1207 3278 semen
1241 3209 1315 3275 fidei
1346 3229 1402 3294 per

264 3317 347 3383 benc
378 3319 571 3381 crementum
602 3317 720 3382 feceret
762 3352 814 3395 -,
855 3322 961 3382 tumen
993 3317 1090 3382 etium
1126 3315 1221 3382 modo
1253 3315 1401 3381 demonis

264 3421 427 3487 nominntn
448 3438 541 3486 crnne
564 3421 682 3489 Christi
704 3426 862 3489 terrentur
888 3426 930 3497 et,
961 3422 989 3487 si
1016 3422 1179 3505 inpensius
1203 3420 1268 3499 bnt,
1287 3420 1400 3505 fugan-

264 3530 318 3592 tur
349 3529 382 3591 et
412 3524 443 3590 ni
476 3544 666 3610 pagnnorum
705 3527 875 3594 formidine
900 3533 934 3592 et
965 3531 1052 3593 metu
1087 3527 1265 3592 nominntne
1297 3527 1400 3593 crucis

216 3655 248 3702 sc
265 3649 417 3714 response
438 3630 511 3697 dere
532 3651 593 3698 non
616 3637 760 3716 possunt

311 3738 363 3802 23.
387 3735 420 3802 Si
444 3738 644 3820 obprobrium
669 3743 720 3804 est
742 3758 826 3805 mors
849 3737 979 3815 Christi,
1002 3756 1099 3821 quere
1121 3738 1233 3804 terrori
1257 3733 1334 3802 esti
1350 3756 1401 3802 ros

266 3844 361 3923 enim,
383 3861 462 3926 quse
485 3862 522 3908 er
544 3845 673 3911 crimine
696 3844 795 3914 uenit
817 3862 879 3910 non
901 3845 1007 3910 timeri
1030 3844 1134 3922 debet,
1158 3844 1212 3909 sed
1234 3842 1402 3910 contemni.

266 3951 340 4035 quie
361 3949 445 4013 enim
467 3948 579 4015 timent
599 3951 760 4017 bominem
787 3970 843 4034 pro
871 3951 1002 4016 crimine
1029 3969 1087 4016 sno
1115 3950 1280 4015 occieum?
1307 3965 1343 4012 no
1371 3947 1399 4011 si

265 4058 415 4123 innocens
442 4055 548 4133 fuerit,
575 4056 679 4123 timeri
706 4060 812 4123 temen
839 4075 901 4122 non
928 4059 1046 4139 potest.
1073 4054 1130 4121 sed
1158 4052 1267 4119 doleri.
1294 4052 1402 4134 iisqne

220 4182 251 4230 sn
268 4161 331 4227 nisi
358 4160 511 4226 sentirent
537 4161 683 4229 demonic
710 4163 763 4228 uel
794 4161 825 4226 di
854 4180 1048 4246 pnpnnomm
1075 4162 1305 4227 sacramentum
1333 4174 1404 4222 esne

358 4386 392 4440 10
411 4384 443 4440 ci.
462 4384 520 4441 lob.
541 4387 583 4450 12,
601 4387 636 4441 24

307 4505 542 4564 liberum-mori
559 4524 610 4564 om.
629 4509 706 4572 (odd.
724 4514 788 4579 my.)
806 4509 844 4564 Μ
912 4508 995 4578 oqui
1009 4507 1065 4577 pm]
1085 4507 1149 4578 quis
1166 4506 1203 4561 Μ
1293 4504 1360 4558 heco
1377 4502 1406 4555 P

268 4594 317 4665 qni
335 4594 384 4649 ott.
403 4595 499 4649 osnb'
550 4596 652 4651 abnuet
668 4596 696 4651 P
712 4597 808 4667 npnuit
825 4594 863 4650 Μ
904 4595 1112 4650 sullimannum
1132 4593 1265 4648 uiolenter
1283 4590 1310 4644 P
1361 4590 1403 4644 in·

267 4681 353 4737 bonu
372 4682 526 4755 (comme
555 4685 610 4739 istu
624 4686 651 4739 P
685 4683 940 4741 beontinentoru
957 4686 1136 4738 contenentur
1150 4680 1181 4749 0,
1191 4679 1223 4732 Ν
1236 4682 1337 4746 (cumb,
1350 4677 1406 4732 FB

269 4772 357 4824 morte
373 4769 429 4826 FB
499 4773 645 4842 superioris
662 4771 695 4826 N
759 4773 792 4826 10
811 4770 935 4826 desoluto
954 4770 1059 4826 CNFB
1078 4769 1195 4825 dirolntu
1215 4766 1251 4836 G,
1269 4767 1361 4836 (corr.)
1378 4765 1406 4818 Δ

271 4859 303 4912 11
323 4861 470 4928 potnerunt
489 4858 524 4928 θ,
541 4863 633 4928 (corr.)
652 4860 680 4913 A
743 4860 776 4914 12
794 4860 842 4929 qni
859 4859 932 4930 plus]
951 4858 1050 4929 quibus
1070 4857 1152 4912 CNX
1223 4857 1256 4910 14
1275 4855 1406 4908 uirtutum

269 4961 322 5001 on.
340 4943 379 4998 M
445 4947 702 5001 temen-uirtutum
721 4949 778 5015 (16)
796 4962 848 5001 oss.
866 4946 943 5012 (odd.
960 4948 1022 5016 esp.)
1040 4945 1077 5000 Μ
1129 4946 1161 4999 17
1179 4942 1281 5012 temen}
1299 4938 1409 4996 cunco

272 5032 306 5089 18
324 5034 348 5087 si
364 5033 514 5104 inpensius]
532 5036 701 5105 cumpunctus
722 5035 746 5089 0
761 5034 921 5104 suspensius
936 5033 994 5088 NX
1060 5035 1093 5088 lo
1112 5033 1140 5089 di
1157 5031 1256 5100 seipsi
1272 5029 1311 5084 1111
1330 5028 1357 5082 P
1372 5026 1407 5083 ds

271 5125 318 5176 oct
371 5126 444 5176 meto
462 5122 497 5176 21
514 5124 613 5191 (norm),
634 5123 686 5178 ΟΝ
701 5130 795 5178 ruostn
807 5123 862 5178 FB
914 5123 947 5176 21
967 5138 1040 5177 mors
1058 5121 1161 5178 christi
1179 5125 1222 5174 eet
1241 5117 1296 5173 GA
1352 5121 1407 5169 ter·

270 5208 380 5264 rorieP
396 5212 498 5264 terrore
511 5209 548 5264 Μ
593 5212 628 5265 22
646 5210 731 5283 enim]
749 5227 781 5266 en
799 5211 837 5266 Μ
885 5210 980 5265 timere
998 5209 1041 5279 21,
1059 5210 1150 5276 (corr.)
1168 5207 1201 5262 N
1250 5206 1285 5261 24
1303 5204 1406 5272 temen]

269 5296 381 5352 cuneo
418 5297 453 5352 ot
472 5296 501 5352 di
518 5298 617 5368 scripsi
634 5298 673 5354 tii
690 5299 719 5354 P
734 5299 768 5354 ds
786 5306 835 5354 ces.
894 5312 1059 5369 pugnarum
1079 5295 1115 5352 Ν
1165 5301 1335 5351 recremento
1355 5289 1409 5345 ΟΔ
