3275 6434
494 1455 625 1520 268
1278 1452 1477 1507 Liber
1522 1453 1983 1523 quaestionum

494 1645 985 1724 Melchisedech,
1023 1645 1135 1713 sed
1174 1666 1460 1714 summus
1498 1647 1794 1713 sacerdos
1822 1646 2117 1714 Christus
2153 1651 2270 1721 est,
2299 1646 2761 1714 Melchisedech

496 1750 830 1818 secundus.
880 1770 1024 1817 nam
1070 1753 1127 1819 si
1171 1752 1360 1817 homo
1407 1757 1510 1818 est
1550 1752 2042 1830 Melchisedech,
2090 1771 2214 1836 quo
2253 1751 2442 1819 modo
2480 1753 2765 1820 conuenit

497 1864 571 1921 ut
612 1857 960 1922 secundum
1006 1857 1285 1923 ordinem
1333 1857 1471 1923 eius
1517 1856 1812 1924 Christus
1848 1857 2142 1924 sacerdos
2180 1857 2366 1924 sitin
2404 1861 2762 1924 aeternum?

495 1960 636 2027 ideo
683 1962 848 2029 enim
894 1963 1078 2028 ambo
1126 1962 1368 2028 similes
1416 1980 1556 2029 esse
1610 1964 1908 2048 leguntur
1965 1967 2032 2029 et
2082 1962 2273 2029 unius
2326 1980 2470 2029 esse
2523 1959 2764 2046 dispen-

496 2066 779 2143 sationis,
826 2068 975 2151 quia
1017 2066 1206 2133 unius
1251 2071 1405 2133 sunt
1448 2071 1515 2133 et
1556 2075 1832 2134 naturae.
2812 2085 2835 2129 ὁ

583 2173 687 2238 21.
734 2168 1045 2250 Quoniam
1090 2176 1301 2239 autem
1359 2173 1530 2238 omni
1583 2172 1772 2237 modo
1828 2173 2018 2239 unius
2072 2173 2172 2238 dei
2226 2174 2574 2240 auctoritas
2630 2190 2762 2238 con·

496 2275 805 2343 seruanda
824 2284 945 2354 eet,
962 2278 1197 2344 idcirco
1221 2277 1499 2344 secunda
1527 2281 1592 2343 et
1607 2279 1798 2344 tertia
1814 2297 2079 2363 persona
2096 2279 2500 2345 subiciuntur
2511 2281 2766 2363 paterno

496 2383 747 2450 nomini.
793 2382 1082 2450 Christus
1129 2387 1341 2450 autem
1389 2383 1665 2476 uicarius
1710 2384 1910 2466 patris
1956 2388 2058 2450 est
2101 2389 2168 2449 et
2210 2388 2493 2450 antestes
2541 2400 2621 2450 ac
2663 2403 2768 2468 per

494 2488 614 2554 hoc
670 2486 901 2554 dicitur
957 2491 1023 2555 et
1066 2488 1379 2555 sacerdos.
1435 2489 1728 2555 similiter
1781 2492 1847 2554 et
1898 2488 2162 2572 spiritus
2216 2492 2478 2556 sanctus
2531 2490 2766 2556 missus

495 2595 678 2677 quasi
709 2598 988 2661 antestes
1026 2595 1318 2662 sacerdos
1357 2595 1715 2680 appellatus
1753 2600 1853 2661 est
1880 2595 2111 2661 excelsi
2147 2594 2268 2672 dei,
2305 2613 2430 2662 non
2457 2613 2765 2674 summus,
2794 2610 2838 2656 ιο

495 2702 666 2767 sicut
707 2702 905 2767 nostri
948 2702 1010 2767 in
1059 2701 1374 2768 oblatione
1418 2707 1849 2786 praesumunt,
1888 2702 2057 2785 quia,
2088 2702 2382 2786 quamuis
2415 2701 2611 2769 unius
2646 2702 2767 2768 sint

495 2808 885 2872 substantiae
924 2805 1214 2872 Christus
1261 2813 1327 2872 et
1372 2811 1625 2874 sanctus
1662 2807 1948 2892 spiritus,
1986 2809 2176 2874 unius
2212 2808 2523 2892 cuiusque
2559 2813 2764 2874 tamen

416 2924 422 2931 '
495 2911 645 2980 ordo
685 2911 1030 2979 seruandus
1077 2917 1198 2978 est.
1247 2913 1604 2980 sacerdotes
1651 2914 1849 2998 igitur
1893 2913 1998 2980 uel
2043 2914 2238 2998 legati
2275 2913 2418 2980 ideo
2456 2913 2764 2990 dicuntur,

497 3020 647 3103 quia
690 3018 873 3083 illum
920 3018 981 3082 in
1030 3036 1099 3083 se
1144 3018 1484 3084 ostendunt
1529 3020 1712 3085 cuius
1755 3019 1953 3104 legati
1998 3026 2175 3092 suntz
2224 3022 2376 3085 sunt
2419 3019 2589 3085 enim
2635 3020 2765 3086 eius

496 3127 724 3210 imago.
787 3142 859 3189 ac
920 3142 1033 3206 per
1092 3123 1212 3190 hoo
1279 3124 1565 3191 Christus
1629 3128 1697 3190 et
1758 3128 2014 3192 sanctus
2079 3125 2338 3207 spiritus
2401 3127 2766 3191 naturaliter
2794 3142 2835 3187 ιι

495 3230 797 3295 habentes
835 3229 935 3294 dei
973 3229 1307 3314 imaginem
1340 3230 1699 3297 sacerdotes
1727 3231 1865 3295 eius
1894 3230 2205 3295 dicuntur.
2231 3230 2293 3295 in
2323 3230 2483 3314 ipsis
2520 3230 2766 3297 uidetur

497 3335 674 3411 deus,
705 3335 874 3399 sicut
901 3334 1058 3400 dicit
1085 3334 1406 3400 dominus:
1437 3337 1561 3419 qui
1601 3353 1712 3400 me
1752 3335 1967 3412 uidit,
2008 3334 2206 3400 uidit
2243 3339 2318 3401 et
2351 3341 2669 3420 patrem:
2706 3341 2766 3401 et

498 3442 552 3506 ei
590 3441 651 3505 in
692 3439 890 3525 gestis
931 3439 1167 3504 domini
1211 3439 1392 3505 uisus
1432 3445 1531 3506 eet
1566 3440 1743 3516 (leus,
1792 3446 1972 3524 gesta
2018 3445 2230 3505 autem
2268 3441 2533 3524 spiritus
2571 3441 2766 3508 sancti

498 3552 648 3612 sunt
690 3564 877 3628 opera
923 3545 1210 3629 signante
1255 3545 1528 3622 domino,
1576 3547 1725 3628 quia
1770 3565 1907 3630 ego
1953 3547 2023 3611 in
2084 3547 2363 3630 spiritu
2410 3545 2530 3613 dei
2577 3548 2763 3613 eicio

498 3652 908 3726 daemonia,
958 3655 1023 3716 et
1067 3651 1127 3716 in
1177 3653 1405 3733 spiritu
1453 3657 1673 3718 sancto
1721 3652 1901 3718 uisus
1948 3656 2048 3717 est
2093 3653 2267 3718 deus.
2793 3668 2838 3713 ιο

1136 3856 1264 3924 CX.
1312 3858 1420 3922 DE
1467 3857 1800 3924 PSALMO
1846 3858 2134 3925 PRIMO.

590 4001 644 4063 1.
667 3997 822 4064 Cum
846 3997 1088 4079 profeta
1102 3996 1306 4063 Dauid
1319 4016 1430 4082 per
1444 3999 1718 4082 speciem
1734 3999 2074 4064 carnalium
2098 3998 2444 4082 spiritalem
2463 4000 2765 4065 rationem

497 4103 899 4190 significaret,
939 4102 1171 4168 diuersi
1210 4103 1455 4188 generis
1494 4122 1566 4169 ac
1602 4105 1810 4169 meriti
1846 4105 2125 4186 psalmos
2163 4104 2239 4169 ad
2279 4104 2378 4170 dei
2415 4104 2667 4171 laudem
2705 4088 2768 4171 et

497 4214 958 4275 sacramentum
998 4208 1185 4274 alacri
1223 4213 1432 4274 mente
1466 4210 1874 4294 pronuntians
1912 4211 2182 4293 primum
2230 4210 2549 4293 psalmum
2595 4213 2766 4279 nullo

497 4315 808 4380 uelamine
844 4313 1002 4378 texit
1044 4333 1244 4397 neque
1284 4314 1471 4379 alicui
1515 4315 1891 4402 adsignauit,
1929 4315 2040 4381 sed
2078 4316 2431 4401 generalem
2468 4317 2766 4395 instituit,
2796 4329 2843 4376 ὓ

499 4423 572 4484 ut
607 4421 826 4484 horum
867 4420 973 4484 sit.
1013 4420 1120 4502 qui
1159 4438 1196 4483 a
1223 4407 1406 4484 malis
1446 4421 1758 4506 segregati
1796 4421 2099 4487 bonorum
2132 4441 2199 4486 se
2228 4422 2534 4488 societate
2572 4425 2766 4489 muni·

499 4526 677 4590 crint.
723 4544 837 4589 nec
885 4524 1105 4590 debuit
1150 4526 1311 4590 enim
1362 4526 1738 4610 principium
1788 4539 1851 4591 et
1898 4528 2163 4591 maxime
2201 4525 2392 4594 huius
2432 4529 2671 4612 gratiae
2707 4530 2765 4594 in

681 4749 740 4804 11
785 4747 851 4801 cs.
890 4747 1072 4804 Canon
1113 4748 1309 4803 Missae
1423 4750 1485 4804 17
1522 4749 1635 4804 loli.
1680 4752 1761 4817 14,
1800 4752 1834 4805 9
1943 4751 2011 4805 19
2048 4751 2241 4806 matth.
2284 4752 2365 4821 12,
2404 4753 2473 4808 28
2513 4759 2617 4809 etc.

213 4874 503 4939 auom(
571 4874 604 4926 4
641 4870 764 4925 ideo
802 4872 969 4940 enim]
1005 4872 1113 4926 iarn
1150 4871 1273 4926 edd.
1354 4873 1383 4926 7
1423 4872 1657 4927 secunda
1693 4890 1793 4930 om.
1832 4873 1953 4929 edd.
2063 4875 2329 4930 subicitur
2363 4875 2485 4931 edd.
2566 4878 2602 4934 9
2640 4879 2763 4933 mis·

498 4977 588 5015 sus
624 4976 727 5015 om.
764 4958 884 5013 edd.
1022 4959 1090 5014 10
1125 4962 1387 5031 summus]
1423 4962 1682 5017 sumimus
1718 4961 1774 5016 P
1907 4963 1968 5018 11
2010 4963 2142 5034 sint]
2182 4965 2256 5019 sit
2292 4963 2412 5020 aad.
2551 4967 2620 5022 12
2655 4967 2764 5036 spi·

499 5050 634 5103 ritus
671 5053 892 5103 sanctus
927 5047 1048 5104 edd.
1153 5048 1216 5104 18
1255 5047 1622 5105 obseruandus
1660 5051 1779 5105 edd.
1884 5054 1949 5107 14
1986 5052 2186 5119 etenim
2223 5053 2345 5109 edd.
2438 5054 2508 5110 15
2542 5056 2764 5125 spiritus

499 5143 716 5191 metu·
751 5135 873 5192 aaa.
1048 5137 1113 5190 17
1153 5135 1295 5191 ιιᾱιι
1325 5153 1412 5206 pr.
1447 5138 1645 5207 acu-ipsi
1680 5139 1882 5215 uident
1918 5140 1972 5194 P
2002 5124 2166 5201 nicei
2192 5141 2313 5197 «ια.
2454 5141 2613 5197 uiuet
2646 5140 2762 5196 aaa

502 5225 569 5280 18
604 5223 831 5296 domini]
873 5223 959 5280 dei
996 5223 1118 5280 edd.
1359 5225 1515 5296 deus]
1554 5226 1804 5282 dominus
1840 5228 1962 5284 edd.
2163 5232 2226 5285 19
2262 5230 2609 5299 significante
2643 5228 2761 5284 edd.

499 5312 567 5368 26
607 5312 698 5382 qui
737 5312 792 5383 a]
829 5314 959 5384 quia
992 5312 1049 5367 Ρ
