3275 6434
233 1190 296 1254 198
630 1185 729 1241 Liber
748 1187 978 1257 quaestionum

230 1379 325 1444 etiem
351 1377 566 1444 testimonium
590 1377 664 1442 uult
681 1377 795 1443 bebere
814 1377 996 1461 gentilium
1017 1378 1063 1443 sio
1082 1377 1164 1443 enim
1184 1377 1244 1443 nit:
1264 1395 1370 1462 opor·

230 1486 290 1549 tet
318 1484 417 1550 onim
447 1483 548 1548 hune
582 1487 622 1548 et
652 1481 934 1549 testimonium
969 1481 1114 1547 bobero
1147 1481 1290 1550 bouum
1324 1484 1370 1548 ob

231 1590 294 1655 bis
318 1590 384 1673 qui
412 1590 513 1655 ioris
543 1593 645 1654 sunt.
668 1589 808 1654 omnium
832 1592 883 1655 est
905 1605 979 1673 orgo
1002 1587 1218 1653 testimoninm
1241 1587 1315 1654 duro
1339 1593 1371 1654 et

231 1714 290 1761 non
315 1697 418 1760 umen
443 1713 553 1761 omnes
576 1694 636 1760 boo
655 1693 772 1760 bonore
794 1694 881 1779 digni
900 1698 982 1759 sunt.
1002 1693 1141 1758 iudionre
1160 1694 1242 1758 enim
1261 1711 1370 1759 omnes

230 1805 366 1883 possunt
401 1805 434 1865 et
464 1819 523 1867 uon
557 1804 660 1865 temsn
695 1818 803 1864 omnes
836 1804 970 1883 possunt
1001 1817 1072 1865 esse
1105 1800 1190 1881 quod
1217 1797 1370 1864 iudicent.
1400 1822 1410 1866 r

231 1910 339 1989 potest
360 1906 444 1971 onim
467 1907 571 1990 piotor
592 1906 694 1971 bonus
717 1905 821 1989 piotor
849 1905 981 1971 iudicori
1010 1905 1049 1969 nb
1073 1905 1139 1980 illo,
1163 1906 1218 1987 qui
1240 1905 1371 1989 pingere

232 2012 363 2090 neseiat,
387 2016 420 2078 et
443 2012 569 2078 cornute
592 2011 704 2077 molior
730 2011 792 2076 olio
822 2011 948 2076 cornulo
976 2010 1140 2094 edprobnri
1171 2009 1209 2076 nb
1238 2028 1286 2075 oo.
1316 2011 1373 2092 qun

231 2117 362 2181 alterius
386 2114 430 2181 sit
452 2116 543 2191 urtis;
574 2117 620 2181 ite
642 2118 675 2181 ot
702 2115 795 2181 tostis
823 2120 928 2198 potest
957 2133 1027 2180 esse
1055 2115 1177 2180 creandi
1205 2115 1373 2198 presbiteri

232 2222 286 2304 qui
310 2221 439 2287 inferior
462 2221 570 2287 ordino
597 2225 655 2287 oet.

278 2328 328 2396 10.
352 2327 411 2392 nst
433 2327 559 2405 iterum,
580 2344 642 2410 qno
661 2325 809 2392 indentur
827 2330 859 2390 et
878 2330 990 2410 putent
1009 2326 1070 2391 sibi
1090 2328 1227 2392 muitum
1247 2326 1370 2392 deberi:
1391 2354 1410 2397 n

231 2453 259 2498 ‘n
291 2433 393 2499 nobie’
426 2432 519 2509 enirn,
552 2432 709 2515 inquiunt,
741 2431 966 2515 ‘perducuntur
998 2432 1051 2515 qui
1085 2431 1245 2497 ordinandi
1275 2438 1372 2497 eunt'.

232 2543 279 2616 ut,
307 2539 381 2604 dnm
405 2538 496 2603 loteri
528 2539 655 2604 illorum
688 2538 788 2621 saepti
822 2541 906 2603 sunt.
940 2537 1056 2603 honore
1086 2536 1173 2621 digni
1196 2535 1372 2602 uideantur.

231 2645 281 2711 ino
303 2663 413 2710 ererum
437 2661 522 2715 essm
542 2644 632 2726 qnoei
656 2642 801 2709 officiatis
830 2645 911 2708 eninr
932 2643 970 2707 nb
990 2644 1139 2726 episeopo
1162 2640 1311 2708 mittitur.
1335 2650 1372 2710 ut

232 2750 418 2833 obsequium
443 2748 591 2831 prnobent
613 2748 792 2814 ordinendo.
809 2767 879 2813 nem
895 2753 928 2814 et
945 2748 1125 2831 imperotor,
1145 2752 1182 2812 ut
1200 2749 1372 2831 imperator

232 2857 390 2938 apparent.
414 2853 575 2919 ordiuntur
597 2854 750 2936 obsequio
779 2854 922 2924 militari:
953 2873 1011 2918 non
1040 2858 1145 2919 tumen
1175 2853 1287 2919 melior
1314 2875 1370 2921 ner
1390 2881 1410 2925 n

232 2979 287 3043 per
317 2960 471 3026 exercitus
503 2960 695 3045 imperatori.
731 2979 801 3025 nom
836 2964 868 3025 et
899 2963 1010 3036 Annon,
1044 2977 1117 3025 oum
1148 2963 1235 3024 esset
1267 2961 1371 3027 clusus

232 3068 261 3131 in
286 3065 565 3143 inserentium,
589 3083 704 3149 erogo
729 3067 850 3131 missus
875 3071 925 3130 est
947 3069 984 3130 ut
1006 3064 1195 3130 Mordoobeo
1220 3065 1250 3129 in
1280 3065 1371 3131 obse-

232 3170 342 3254 quium
371 3171 440 3246 iret,
471 3174 507 3235 ut
535 3174 686 3253 quontum
714 3170 831 3254 diguus
855 3177 939 3237 esset
964 3169 1183 3245 Mardocbeus
1211 3188 1247 3234 ex
1275 3170 1371 3236 buius

233 3276 392 3358 obsequiis
429 3280 623 3351 nuceretum
652 3276 698 3342 itu
729 3281 763 3342 et
793 3275 916 3342 dinooni
949 3275 1091 3340 creandis
1123 3274 1306 3358 presbiteris
1338 3277 1370 3342 in

232 3379 419 3465 obsequium
448 3380 628 3457 mittuntur,
657 3385 694 3445 ut
720 3381 831 3468 dignos
860 3399 913 3446 eos
948 3381 1013 3445 ieri
1048 3379 1226 3446 sacerdotes
1260 3397 1410 3453 omuoen

231 3487 424 3572 intellegunt.
467 3486 607 3570 exceptis
643 3486 725 3551 enim
763 3487 991 3563 snoordotibns,
1030 3487 1144 3568 quibus
1182 3486 1370 3568 obsequium

232 3592 356 3669 debent,
381 3592 527 3657 omnibus
552 3596 787 3675 praeponuntur
809 3594 942 3659 dindoni.

324 3817 333 3868 l
357 3815 368 3868 1
388 3814 457 3869 nnn.
477 3817 503 3878 3,
523 3815 537 3868 7
594 3814 626 3868 ld
645 3813 679 3868 oi.
700 3812 776 3868 Eetir.
796 3815 822 3879 6,
844 3815 876 3870 10

142 3952 234 4022 dest?
271 3953 365 4008 luult
382 3969 433 4008 osu.
456 3955 508 4008 Gn
581 3955 650 4008 siC
701 3953 783 4023 tiqui
802 3969 854 4009 our.
874 3955 909 4008 Μ
979 3957 1053 4024 ergo]¹
1074 3955 1145 4007 onitu
1164 3954 1196 4006 X
1263 3955 1369 4010 niudi-

232 4058 291 4095 oere
317 4045 397 4107 (corn.
421 4052 483 4107 reo.)
502 4042 538 4095 Μ
630 4043 644 4095 7
669 4043 758 4098 uestit
774 4043 803 4096 X
909 4042 1017 4097 corenla
1032 4042 1087 4112 pn]
1112 4041 1184 4096 coris
1204 4043 1227 4093 t'
1248 4045 1370 4098 eoru-uie

231 4131 264 4183 ,V
354 4129 462 4184 coronis
485 4129 556 4199 nitl'
574 4129 702 4184 chutonis
724 4129 779 4184 FB
890 4129 1095 4198 8eitleot1t'
1191 4129 1322 4198 prnesbiri
1349 4131 1374 4186 0

231 4217 354 4272 bordini
373 4219 434 4283 (nit.
453 4219 461 4272 i
480 4235 502 4272 e.
522 4217 552 4283 1.)
571 4218 608 4270 M
678 4217 711 4272 10
730 4217 801 4288 quod
824 4217 876 4274 Gn
961 4215 1143 4273 infleturFB
1215 4217 1249 4272 13
1266 4218 1368 4275 fectum

234 4305 289 4358 XX
373 4305 501 4360 «orucians
520 4305 551 4359 N
622 4305 834 4375 repraesentor
854 4313 933 4370 (sorr.
953 4305 1165 4375 praebuntort')
1249 4305 1369 4363 dinsndo

232 4394 292 4447 MC
362 4393 433 4463 runnu]
453 4394 497 4448 iu'c
514 4395 613 4463 incipit
631 4410 728 4448 reorum
746 4395 773 4448 P
858 4399 887 4448 ut
907 4395 1061 4465 imperator]
1082 4399 1113 4448 ut
1131 4394 1327 4464 intorpretatur
1344 4397 1374 4450 Ρ

232 4498 283 4535 om.
303 4483 330 4533 X
387 4484 418 4534 15
436 4486 567 4552 oppereut
585 4483 736 4552 ordinetur]
757 4484 850 4553 sppuri
869 4487 916 4536 aut
935 4483 1054 4537 orientur
1075 4483 1098 4535 C
1156 4483 1294 4538 ordinator
1315 4485 1367 4541 GA

235 4571 266 4623 16
285 4571 344 4639 pur]
369 4576 412 4624 est
430 4570 494 4626 aoid.
514 4572 541 4624 P
630 4571 796 4641 imperotori]
821 4572 931 4625 urilitnri
950 4570 977 4624 P
1068 4571 1165 4625 clurino
1186 4571 1256 4638 (1¹‚A
1274 4574 1366 4642 (turni

235 4658 266 4711 18
286 4657 395 4727 diguus]
413 4657 522 4727 dignius
540 4658 567 4712 P
584 4659 694 4729 dignum
714 4659 749 4713 Μ
766 4676 804 4714 nn
824 4659 962 4729 tegendum
981 4658 1106 4729 dignior?
1169 4662 1202 4714 19
1222 4659 1369 4730 obsequio,

233 4745 267 4797 ,11
319 4746 350 4799 21
372 4746 443 4799 enirn
463 4764 512 4804 orer.
536 4747 560 4800 Χ
612 4747 647 4802 22
666 4746 826 4801 ditcouibus
846 4747 876 4799 N
