3275 6434
618 1553 706 1620 40
1414 1546 1615 1605 Liber
1649 1549 2109 1620 quaestionum

615 1745 767 1828 post
840 1745 1083 1825 patrem
1159 1741 1392 1807 malum
1464 1741 1636 1812 filius
1710 1760 1834 1809 non
1909 1744 2215 1827 sequatur
2286 1741 2613 1826 perfidiam
2675 1743 2902 1828 patris,

616 1864 814 1931 nepos
881 1852 1093 1914 autem
1159 1847 1266 1913 aui
1328 1847 1393 1914 in
1454 1847 1643 1914 malis
1705 1846 1991 1914 imitator
2056 1845 2329 1914 existens
2403 1847 2565 1914 sciat
2634 1867 2706 1915 se
2776 1867 2901 1914 non

613 1952 941 2019 inmunem
1003 1951 1288 2017 futurum
1351 1970 1390 2018 a
1453 1951 1797 2018 seueritate
1860 1951 2227 2031 sententiae,
2291 1957 2406 2018 aut
2456 1951 2513 2017 si
2574 1956 2640 2019 et
2702 1970 2902 2037 nepos

614 2056 778 2123 forte
821 2076 945 2123 non
992 2057 1118 2138 aui,
1164 2056 1277 2124 sed
1321 2057 1519 2143 patris
1565 2059 1829 2124 secutus
1874 2056 2152 2143 uestigia
2185 2060 2637 2124 testamentum
2673 2056 2907 2145 diligat

617 2161 739 2244 dei,
786 2181 925 2230 non.
955 2163 1206 2248 ignoret
1247 2179 1562 2248 pronepos
1618 2160 1698 2228 ad
1744 2180 1815 2228 se
1870 2180 2073 2246 usque
2126 2162 2451 2248 peruenire
2498 2163 2901 2242 autentim,
2965 2185 2995 2230 e

617 2269 674 2336 si
719 2267 1012 2335 aemulus
1059 2268 1147 2334 sit
1189 2268 1409 2353 proaui
1453 2268 1773 2352 perfidiae.

704 2358 766 2439 8.
820 2374 958 2440 Hac
1019 2373 1182 2461 legis
1246 2372 1757 2439 manifestatione
1821 2372 2118 2440 deterreri
2179 2372 2390 2440 uoluit
2450 2370 2610 2440 deus
2661 2373 2900 2458 impios

613 2481 848 2563 patres,
918 2481 996 2545 ut
1066 2482 1481 2564 agnoscentes
1543 2481 1853 2562 quantum
1927 2478 2078 2543 mali
2140 2482 2386 2564 pareret
2446 2478 2712 2544 sectatio
2765 2478 2899 2544 ido·

613 2584 836 2651 latriae
880 2583 989 2651 uel
1033 2583 1285 2650 adfectu
1330 2583 1605 2651 filiorum
1649 2586 2098 2650 reuocarentur
2141 2584 2221 2650 ad
2264 2584 2684 2651 reuerentiam
2731 2602 2901 2651 crea·

615 2690 796 2771 toris,
843 2693 956 2755 aut
1008 2689 1124 2755 filii
1181 2689 1499 2770 timentes,
1564 2708 1641 2754 ne
1700 2689 2092 2755 incurrerent
2140 2692 2402 2773 peccata
2453 2693 2730 2772 patrum,
2797 2689 2900 2757 dei
2936 2712 2989 2756 10

611 2795 743 2881 legi
780 2795 1303 2879 obtemperarent,
1339 2794 1434 2861 ini
1483 2799 1698 2862 autem
1744 2793 2151 2861 adtendentes
2198 2794 2276 2860 ad
2323 2796 2670 2879 nequitiam
2713 2795 2902 2862 aliter

612 2900 735 2967 boc
779 2901 1175 2985 interpretari
1221 2903 1561 2986 coeperunt
1604 2900 1915 2968 dicentes:
1954 2902 2207 2986 patres
2255 2901 2900 2967 manducauerunt

612 3025 832 3073 uuam
869 3007 1211 3072 acerbam
1249 3010 1324 3072 et
1360 3006 1624 3073 dentes
1669 3006 2015 3073 filiorum
2061 3011 2539 3092 stupuerunt,
2577 3008 2654 3073 ιιι
2686 3007 2898 3074 securi

612 3112 689 3178 de
734 3111 1108 3195 inpunitate,
1157 3130 1231 3176 eo
1277 3111 1449 3195 quod
1494 3111 1643 3178 filiis
1688 3112 1973 3197 ipsorum
2019 3112 2429 3178 redderentur
2471 3117 2753 3195 peccata,
2800 3112 2897 3179 illi

610 3221 823 3285 tamen
867 3235 1070 3302 neque
1116 3217 1380 3301 spiritus
1426 3237 1632 3301 neque
1679 3217 1882 3284 carnis
1928 3218 2232 3284 haberent
2276 3217 2578 3303 pietatem
2622 3255 2707 3267 —
2748 3217 2893 3285 hinc
2933 3242 2983 3286 ie

612 3322 844 3389 dicitur
870 3323 985 3402 eis,
1023 3342 1144 3389 non
1184 3322 1508 3389 ‘morietur
1542 3322 1714 3390 filius
1741 3343 1854 3408 pro
1882 3325 2082 3407 patre’
2110 3341 2313 3406 neque
2342 3326 2538 3406 ‘pater
2564 3343 2676 3409 pro
2716 3323 2893 3402 filio&

614 3427 756 3500 sed:
795 3427 1036 3494 anima
1085 3447 1270 3512 quae
1314 3433 1584 3514 peccat
1629 3429 1794 3512 ipsa
1840 3429 2207 3495 morietur
2252 3464 2337 3476 -
2386 3433 2450 3494 et
2494 3427 2895 3494 addiscerent

604 3552 729 3600 non
773 3533 1012 3617 inpune
1058 3532 1186 3599 sibi
1230 3533 1542 3613 futurum,
1589 3532 1701 3598 sed
1750 3532 1841 3598 sic
1889 3531 2066 3598 reddi
2110 3535 2375 3615 peccata
2423 3536 2668 3617 patrum
2720 3532 2893 3612 filiis,

602 3643 696 3719 ιιι,
753 3639 904 3723 quia
948 3639 1338 3724 impietatem
1397 3643 1727 3724 parentum
1774 3639 1981 3705 secuti
2027 3638 2215 3718 mala,
2264 3655 2422 3722 quae
2470 3636 2891 3705 oblitteranda

602 3748 798 3826 erant,
845 3743 1382 3828 exemplauerunt,
1431 3743 1717 3810 acerbius
1762 3744 2124 3828 puniantur.
2924 3770 2979 3813 ευ

685 3850 749 3915 4.
786 3849 1139 3934 Postquam
1176 3849 1456 3916 ostendit
1491 3849 1648 3916 deus
1685 3849 1839 3934 quid
1878 3849 2027 3914 mali
2064 3849 2269 3932 pariat
2303 3847 2614 3928 idolatria,
2644 3849 2894 3916 addidit

599 3953 818 4020 statim
863 3973 1024 4039 quae
1068 3955 1234 4020 bona
1281 3954 1616 4040 diligentes
1664 3973 1733 4020 se
1780 3957 2126 4039 sequantur
2171 3954 2417 4020 dicens:
2480 3957 2551 4019 et
2596 3953 2889 4023 faciens

598 4059 1197 4127 misericordiam
1278 4061 1350 4126 in
1433 4059 1648 4126 milia
1728 4058 2022 4126 milium
2104 4059 2245 4137 his,
2330 4058 2456 4144 qui
2547 4058 2889 4146 diligunt

598 4184 710 4232 me
776 4170 853 4232 et
917 4165 1368 4231 custodiunt
1429 4169 1833 4250 praecepta
1876 4183 2057 4244 mea,
2113 4169 2187 4230 ut
2230 4165 2467 4231 bonum
2513 4165 2715 4250 patris
2763 4184 2887 4232 non

599 4290 804 4355 usque
859 4270 937 4336 ad
983 4275 1414 4356 pronepotem,
1463 4271 1576 4337 sed
1622 4289 1825 4355 usque
1881 4271 1943 4336 in
1990 4271 2167 4336 milia
2212 4270 2459 4336 milium
2514 4270 2756 4337 reddat.
2812 4276 2889 4337 ut
2921 4298 2976 4342 25

596 4379 774 4461 puta,
823 4375 879 4441 si
925 4376 1068 4459 quis
1116 4394 1191 4441 ex
1227 4375 1467 4441 semine
1506 4375 1720 4442 Dauid
1756 4375 1983 4461 diligat
2018 4375 2364 4456 dominum,
2404 4394 2590 4459 quem
2630 4379 2885 4442 constat

595 4481 816 4564 utique
853 4500 1036 4566 porro
1076 4483 1219 4546 ante
1266 4479 1440 4547 mille
1477 4500 1671 4547 annos
1705 4481 1928 4561 fuisse,
1975 4480 2124 4548 huic
2162 4480 2416 4547 additur
2451 4480 2886 4548 misericordia

771 4669 808 4723 4
844 4669 912 4724 cf.
948 4669 1040 4724 Pa.
1080 4670 1166 4734 77,
1205 4670 1272 4725 10
1348 4670 1413 4722 12
1450 4667 1645 4723 Erech.
1686 4669 1769 4738 18,
1798 4671 1831 4723 2
1917 4670 1980 4724 17
2010 4668 2204 4724 Erech.
2247 4669 2329 4732 18,
2367 4669 2439 4725 20
2509 4671 2580 4726 22
2607 4671 2705 4727 Ex.
2735 4672 2822 4741 20,
2848 4674 2883 4727 6

666 4792 702 4846 2
738 4807 911 4862 nepus
947 4792 1010 4845 X
1219 4792 1469 4846 imitatur
1510 4792 1628 4861 GN,
1673 4796 1834 4861 (corr.
1879 4792 2203 4861 AnoeBmS)
2239 4794 2301 4847 X
2476 4793 2509 4849 8
2555 4794 2794 4850 imonem
2834 4795 2883 4851 C

596 4880 631 4934 5
667 4879 901 4935 mutiam
941 4879 991 4935 G
1020 4881 1299 4935 sententia
1329 4879 1441 4936 Fa
1533 4881 1565 4934 ‘1
1594 4879 1732 4937 haee
1771 4880 1939 4936 GNX
2022 4882 2057 4936 9
2093 4879 2339 4937 adtectus
2372 4880 2568 4951 ΜΘΝ,
2603 4882 2682 4953 (Β
2716 4886 2880 4951 corr.)

597 4966 665 5027 X.
790 4968 858 5024 10
893 4971 958 5023 ut
991 4967 1056 5024 ,N
1185 4967 1272 5023 dei
1309 4967 1443 5041 legi]
1482 4967 1648 5040 dirigi
1683 4969 1740 5024 P
1772 4969 1929 5040 diligi
1971 4968 2188 5024 GNGA
2224 4967 2395 5040 dilegi
2420 4967 2484 5024 F
2512 4967 2685 5042 dilige
2719 4969 2878 5038 (aad.

593 5058 660 5112 nt
702 5073 747 5112 s.
794 5055 856 5124 1.)
899 5055 955 5111 B
1138 5058 1203 5112 18
1240 5073 1489 5113 acernam
1530 5055 1580 5111 G
1619 5057 1875 5114 acerbum
1908 5058 2097 5128 (corr.)
2130 5057 2193 5112 N
2403 5057 2787 5130 obstipuerunt
2820 5058 2883 5113 X

599 5144 666 5202 15
702 5145 792 5202 hic
825 5143 893 5201 N
1050 5146 1117 5201 16
1153 5163 1250 5217 pro
1287 5145 1402 5203 mio
1440 5147 1599 5217 pater
1631 5144 1691 5201 P
1872 5146 2007 5217 mio]
2044 5145 2172 5202 mii·
2205 5143 2276 5200 N
2426 5145 2501 5204 20
2534 5146 2786 5204 acer-uiua
2816 5143 2881 5201 N

593 5238 758 5304 (corr.
796 5233 931 5305 ¹⁸2),
970 5235 1034 5290 X
1066 5251 1292 5290 aceruus
1335 5234 1395 5300 0,
1431 5238 1593 5304 (eon.
1628 5250 1700 5291 m.
1735 5250 1842 5293 roc.
1879 5235 2146 5303 aceruius)
2186 5233 2238 5289 G
2361 5235 2578 5293 28-25
2611 5235 2703 5292 ni·
2718 5274 2872 5294 .....

595 5322 806 5378 milium
842 5339 944 5379 on.
984 5323 1047 5378 X
1211 5323 1282 5379 26
1319 5323 1478 5378 deum
1516 5322 1575 5377 P
1729 5325 1799 5379 27
1839 5324 1990 5395 ante]
2028 5328 2211 5381 antem
2244 5322 2367 5381 NF
2395 5327 2496 5381 aut
2533 5323 2587 5381 G
2622 5330 2689 5381 au
2722 5324 2781 5395 (n
2812 5326 2873 5380 ιἰι

587 5414 734 5479 τοι.)
766 5410 823 5467 Δ
858 5413 985 5468 aute
1017 5413 1135 5479 (ute
1167 5415 1263 5468 ηε
1295 5413 1360 5467 ⁸⁰⁸⁸
1391 5416 1529 5481 ras.)
1562 5410 1621 5467 Β
