3275 6434
624 1382 699 1457 (tau.
719 1384 767 1441 cll
785 1386 901 1443 21-28.
1271 1394 1337 1461 217

200 1576 249 1643 sed
272 1578 353 1644 barre
377 1576 506 1644 domum
529 1596 675 1663 magnam
693 1578 892 1646 Nouatiuuus
915 1581 1068 1647 muudum
1086 1583 1338 1668 intellegendum

199 1681 363 1769 signifieat,
385 1702 448 1749 nou
471 1684 650 1764 eeclesiam,
674 1703 714 1751 ue
736 1684 768 1750 iu
787 1705 851 1751 uus
869 1688 1005 1754 ecelesia
1021 1687 1124 1754 malos
1142 1707 1216 1755 oum
1236 1689 1337 1768 bouis,

200 1788 329 1855 mundos
338 1807 412 1855 oum
421 1788 583 1856 inmundis
593 1795 724 1877 cogatur
733 1792 887 1858 adserere.
899 1793 982 1875 quod
996 1794 1091 1860 facile
1101 1799 1179 1878 puto
1190 1795 1337 1863 conuelli.

199 1895 225 1959 in
242 1913 305 1961 uua
323 1896 408 1961 euim
427 1895 523 1963 domo
541 1914 650 1963 omues
670 1900 730 1963 sub
749 1917 812 1964 uuo
833 1902 909 1964 suut
926 1899 1064 1978 nomine;
1085 1901 1233 1984 quamuis
1253 1901 1336 1967 euim

164 2020 184 2060 s
199 2001 336 2067 moribus
350 2001 469 2069 diuersi
484 2003 559 2084 siut,
573 2021 636 2069 uuo
651 2008 755 2069 tamen
771 2003 888 2070 domini
905 2005 955 2069 sni
974 2007 1100 2071 nomine
1119 2010 1288 2072 censentur
1304 2007 1336 2072 iu

197 2105 399 2188 professione.
424 2109 563 2175 muudus
585 2112 692 2175 autem
711 2110 763 2175 bio
787 2110 932 2176 diuersae
962 2111 1168 2194 professionis
1197 2113 1339 2178 eontinet

197 2212 350 2293 homiues,
375 2213 423 2278 ita
449 2218 487 2279 ut
515 2213 657 2299 dispares
685 2214 890 2299 profiteantur
918 2235 952 2282 se
985 2217 1099 2283 babere
1132 2220 1166 2283 et
1197 2217 1272 2284 deos
1305 2221 1339 2284 et

196 2322 348 2388 dominos.
372 2320 462 2386 uides
486 2339 561 2406 ergo
585 2340 646 2387 nou
668 2321 729 2387 hoo
751 2323 897 2405 potuisse
920 2323 984 2388 diei
1007 2322 1046 2389 de
1070 2324 1199 2402 mundo,
1223 2324 1280 2390 sed
1298 2322 1338 2391 de

195 2429 339 2504 eoeleste,
360 2428 393 2492 in
417 2445 479 2509 qua
502 2427 561 2494 snb
584 2446 647 2493 uuo
670 2427 822 2512 degentes
850 2430 974 2494 uomiue
1003 2429 1123 2495 diuersi
1151 2434 1227 2496 suut
1253 2434 1337 2495 aeta.

158 2532 278 2616 siquod
305 2532 434 2616 quidem
461 2530 677 2599 Nouatiauum
708 2551 768 2599 nou
800 2533 965 2618 ignorasse
997 2534 1142 2612 aduerte,
1173 2534 1229 2600 sed
1262 2535 1339 2618 quia

195 2638 407 2705 abseessionis
432 2657 507 2704 suae
530 2638 632 2704 iustas
657 2639 869 2723 querimonias
897 2658 958 2705 nou
987 2640 1133 2718 babebat,
1161 2658 1201 2706 ue
1229 2644 1337 2725 aperte

196 2744 404 2822 erubesceret,
423 2749 609 2828 argumenta
627 2743 780 2828 quaedem
799 2745 862 2810 sibi
881 2744 1031 2811 conflauit
1048 2765 1103 2828 per
1121 2746 1237 2810 malam
1255 2745 1338 2831 legis

194 2851 493 2935 interpretationem,
525 2849 640 2934 quibus
669 2869 817 2916 excusare
845 2850 999 2917 niteretur
1025 2856 1058 2916 et
1086 2855 1195 2937 tegere
1223 2852 1337 2919 liuoris

194 2957 244 3021 sui
266 2955 410 3021 inuidam
433 2957 644 3022 uoluntatem.

160 3076 181 3117 1³
237 3063 293 3127 23.
320 3061 465 3145 Denique
493 3061 657 3145 respoudit
683 3063 723 3128 ad
750 3062 827 3128 bueo
855 3081 935 3145 quae
963 3062 1100 3128 diximus
1123 3062 1245 3129 diosus:
1269 3064 1339 3129 ‘uso

193 3186 254 3253 ego
275 3185 396 3233 reuuuo
419 3168 573 3253 agendam
591 3168 814 3251 paenitentiam
833 3168 991 3234 admissae
1009 3168 1184 3247 idolatriae,
1202 3168 1259 3234 sed
1278 3187 1338 3255 ego

194 3274 355 3339 remittere
377 3292 437 3338 nou
462 3272 574 3351 audeo,
598 3274 673 3356 quia
694 3274 810 3339 orimen
835 3274 895 3339 hoo
917 3275 957 3338 ab
976 3292 1013 3339 eo
1032 3274 1257 3339 remittendum
1276 3277 1337 3353 eat,

194 3381 225 3445 iu
244 3397 340 3463 quem
364 3378 539 3445 admissum
562 3382 632 3445 est’.
655 3380 716 3444 lroe
738 3384 938 3445 autemeam
961 3379 1034 3446 dolo
1053 3379 1225 3464 respoudit.
1242 3379 1338 3445 iuter·

196 3484 424 3568 putatoribus
448 3485 531 3551 euim
555 3486 623 3551 suis
648 3484 817 3570 detegitur,
841 3486 958 3569 quibus
986 3486 1072 3552 fraus
1100 3485 1170 3551 eius
1197 3488 1338 3569 apparet.

138 3604 177 3648 w
198 3590 319 3673 quaudo
343 3591 427 3657 euim
447 3590 540 3656 dicit:
560 3590 723 3675 ‘sumptum
743 3596 808 3656 est:
828 3590 890 3675 qui
908 3609 964 3656 me
987 3589 1194 3676 negauerit,
1214 3593 1251 3655 et
1268 3608 1337 3675 ego

198 3696 339 3782 negabo
362 3716 452 3774 eum,
476 3700 510 3762 et
531 3696 656 3762 mentiri
680 3715 740 3763 non
759 3700 868 3780 potest
886 3698 978 3762 ouius
997 3696 1094 3761 uerba
1112 3699 1210 3774 suut‘,
1228 3694 1335 3779 paeni·

197 3803 340 3883 tentiam,
362 3821 456 3886 quam
480 3801 633 3887 agendam
657 3801 745 3880 dicit,
769 3803 893 3868 inanem
917 3806 951 3868 et
971 3801 1203 3868 infructuosum
1230 3803 1336 3866 osten·

199 3910 251 3975 dit.
282 3909 311 3974 si
333 3910 417 3975 euim
440 3909 598 3974 sententis
620 3907 694 3974 data
716 3912 767 3974 est
794 3913 831 3973 et·
850 3926 910 3974 nou
939 3907 1024 3974 fallit
1050 3906 1104 3992 qui
1133 3905 1231 3984 dedit,
1259 3903 1337 3990 qnid

198 4015 366 4083 excruciari
396 4014 549 4099 oonpeliis
580 4013 740 4080 homiuem
772 4013 1052 4080 lamentationibus
1085 4016 1118 4077 et
1150 4010 1335 4096 gemitibus,

282 4277 319 4333 20
336 4275 436 4333 dietih.
457 4276 499 4345 lt),
518 4276 561 4331 32.
582 4274 614 4330 ot.
634 4276 699 4330 Luo.
720 4274 761 4340 12,
780 4274 797 4327 9

229 4454 241 4506 1
258 4448 473 4520 intellegendum
488 4446 626 4518 signifieat
638 4451 719 4514 (corr.
733 4445 870 4516 siguificat
883 4443 1107 4514 intellegendum)
1117 4442 1150 4495 N
1181 4444 1198 4497 2
1212 4443 1337 4498 bonorX

196 4539 323 4608 tiaeile]
340 4537 429 4594 tuere
447 4536 479 4590 N
562 4536 698 4590 duuot'
776 4534 841 4589 douo
860 4536 898 4612 (ru
916 4549 938 4590 e.
956 4531 1069 4601 ree.)0
1139 4531 1282 4588 bdiuerse
1300 4533 1338 4587 Μ

194 4627 338 4699 deman
355 4626 385 4681 Χ
458 4628 524 4680 ruat
541 4627 633 4692 (corr.)
653 4623 682 4676 λ’
759 4624 825 4692 uuo]
845 4623 873 4676 in
891 4637 945 4676 uuo
964 4620 1000 4676 Μ
1070 4620 1254 4676 'iberniae-e·
1270 4623 1295 4680 (s
1312 4637 1336 4676 a.

193 4719 258 4789 ras.)
278 4718 305 4771 C
382 4715 482 4784 itaut]
502 4718 550 4768 aut
570 4712 727 4783 oieutn'
795 4713 922 4767 tastum
943 4714 979 4779 (m
997 4712 1078 4777 eras.)
1098 4709 1128 4761 X
1199 4709 1233 4764 10
1251 4725 1335 4763 uoua·

192 4808 299 4862 donum
320 4804 359 4861 Μ
446 4804 476 4857 11
496 4802 680 4858 'caerimonias
702 4800 732 4854 X
821 4800 854 4856 18
877 4813 1004 4854 excusare
1024 4798 1168 4868 niteretur]
1195 4813 1226 4852 ex
1254 4813 1336 4852 eausa

191 4895 358 4951 reniteretur
374 4892 402 4947 P
491 4893 525 4946 15
543 4891 621 4945 ibaeo
639 4890 660 4955 (i
677 4890 759 4958 erus.)
777 4889 828 4945 Μ,
913 4887 946 4941 16
964 4902 1049 4941 renuo
1067 4887 1095 4940 P
1202 4886 1233 4940 li
1253 4883 1336 4940 audio

189 4984 284 5056 (eurr.)
303 4981 335 5036 X
386 4977 577 5036 remittendam
599 4976 830 5032 Gremitteudum
848 4980 878 5041 (u
897 4977 927 5029 is
944 4977 1012 5042 rua.)
1029 4974 1062 5030 N
1102 4974 1139 5029 20
1156 4972 1291 5045 quomodo
1308 4973 1338 5027 P

189 5070 346 5143 negaretis]
365 5069 481 5140 negauit
498 5070 578 5135 (sorr.
595 5069 661 5136 rea.)
673 5066 711 5123 Π
753 5067 786 5121 21
807 5066 921 5119 mentire
938 5067 1030 5132 (sorr.)
1043 5062 1074 5119 λ’
1116 5063 1151 5117 22
1169 5061 1334 5117 fructuosam

188 5161 266 5230 (eon.
285 5160 354 5226 ree.)
372 5156 411 5213 Κ
480 5154 619 5212 ostendam
638 5156 674 5211 n
726 5154 761 5210 28
779 5155 819 5208 aio
836 5154 874 5208 Μ
942 5153 1093 5208 sententia·
1108 5151 1139 5203 N
1188 5151 1224 5205 21
1242 5165 1335 5205 exeru-

187 5251 263 5306 eiaris
282 5250 313 5305 P
387 5246 513 5301 bomuem
531 5244 559 5309 (Ιι
578 5260 599 5298 e.
619 5245 651 5310 1.)
668 5243 705 5298 M
720 5245 798 5310 (sorr.
817 5243 882 5311 ree.)
