<?xml version="1.0" encoding="UTF-8"?>
<!DOCTYPE html PUBLIC "-//W3C//DTD XHTML 1.0 Transitional//EN"
    "http://www.w3.org/TR/xhtml1/DTD/xhtml1-transitional.dtd">
<html xmlns="http://www.w3.org/1999/xhtml" xml:lang="en" lang="en">
 <head>
  <title>
</title>
<meta http-equiv="Content-Type" content="text/html;charset=utf-8" />
  <meta name='ocr-system' content='tesseract 3.04.00' />
  <meta name='ocr-capabilities' content='ocr_page ocr_carea ocr_par ocr_line ocrx_word'/>
</head>
<body>
  <div class='ocr_page' id='page_1' title='image "./pseudoaugustini00soutgoog/pseudoaugustini00soutgoog_0192.png"; bbox 0 0 3275 6434; ppageno 0'>
   <div class='ocr_carea' id='block_1_1' title="bbox 1066 644 3066 1102">
    <p class='ocr_par' dir='ltr' id='par_1_1' title="bbox 1066 644 3066 1102">
     <span class='ocr_line' id='line_1_1' title="bbox 1066 644 3066 1102; baseline 0 0"><span class='ocrx_word' id='word_1_1' title='bbox 1066 644 1067 1102; x_wconf 95' lang='lat' dir='ltr'> </span> <span class='ocrx_word' id='word_1_2' title='bbox 3065 644 3066 1102; x_wconf 95' lang='lat' dir='ltr'> </span> 
     </span>
    </p>
   </div>
   <div class='ocr_carea' id='block_1_2' title="bbox 616 1507 2109 1578">
    <p class='ocr_par' dir='ltr' id='par_1_2' title="bbox 616 1507 2109 1578">
     <span class='ocr_line' id='line_1_2' title="bbox 616 1507 2109 1578; baseline -0.011 -2"><span class='ocrx_word' id='word_1_3' title='bbox 616 1512 742 1576; x_wconf 82' lang='lat'>150</span> <span class='ocrx_word' id='word_1_4' title='bbox 1411 1507 1610 1563; x_wconf 75' lang='lat' dir='ltr'>Liber</span> <span class='ocrx_word' id='word_1_5' title='bbox 1646 1509 2109 1578; x_wconf 72' lang='lat' dir='ltr'>quaestionum</span> 
     </span>
    </p>
   </div>
   <div class='ocr_carea' id='block_1_3' title="bbox 610 1700 2987 3472">
    <p class='ocr_par' dir='ltr' id='par_1_3' title="bbox 610 1700 2983 2421">
     <span class='ocr_line' id='line_1_3' title="bbox 614 1700 2897 1786; baseline -0.002 -18"><span class='ocrx_word' id='word_1_6' title='bbox 614 1703 710 1768; x_wconf 85' lang='lat' dir='ltr'>sie</span> <span class='ocrx_word' id='word_1_7' title='bbox 756 1705 967 1768; x_wconf 78' lang='lat' dir='ltr'>sutem</span> <span class='ocrx_word' id='word_1_8' title='bbox 1017 1702 1229 1786; x_wconf 77' lang='lat' dir='ltr'>arguit</span> <span class='ocrx_word' id='word_1_9' title='bbox 1272 1720 1381 1767; x_wconf 87' lang='lat' dir='ltr'>eos</span> <span class='ocrx_word' id='word_1_10' title='bbox 1427 1701 1505 1766; x_wconf 84' lang='lat' dir='ltr'>de</span> <span class='ocrx_word' id='word_1_11' title='bbox 1552 1704 1836 1785; x_wconf 78' lang='lat' dir='ltr'>peceato,</span> <span class='ocrx_word' id='word_1_12' title='bbox 1885 1701 2033 1784; x_wconf 81' lang='lat' dir='ltr'>quis</span> <span class='ocrx_word' id='word_1_13' title='bbox 2078 1719 2200 1766; x_wconf 86' lang='lat' dir='ltr'>nou</span> <span class='ocrx_word' id='word_1_14' title='bbox 2250 1700 2460 1767; x_wconf 87' lang='lat' dir='ltr'>solum</span> <span class='ocrx_word' id='word_1_15' title='bbox 2517 1700 2773 1767; x_wconf 85' lang='lat' dir='ltr'>eredere</span> <span class='ocrx_word' id='word_1_16' title='bbox 2836 1701 2897 1765; x_wconf 90' lang='lat' dir='ltr'>ei</span> 
     </span>
     <span class='ocr_line' id='line_1_4' title="bbox 612 1806 2897 1885; baseline -0.001 -12"><span class='ocrx_word' id='word_1_17' title='bbox 612 1809 971 1885; x_wconf 74' lang='lat' dir='ltr'>uoluerunt,</span> <span class='ocrx_word' id='word_1_18' title='bbox 1018 1806 1129 1873; x_wconf 84' lang='lat' dir='ltr'>sed</span> <span class='ocrx_word' id='word_1_19' title='bbox 1175 1810 1241 1873; x_wconf 74' lang='lat' dir='ltr'>et</span> <span class='ocrx_word' id='word_1_20' title='bbox 1284 1807 1651 1874; x_wconf 73' lang='lat' dir='ltr'>oeciderunt</span> <span class='ocrx_word' id='word_1_21' title='bbox 1695 1826 1858 1873; x_wconf 88' lang='lat' dir='ltr'>eum.</span> <span class='ocrx_word' id='word_1_22' title='bbox 1905 1808 1983 1873; x_wconf 84' lang='lat' dir='ltr'>de</span> <span class='ocrx_word' id='word_1_23' title='bbox 2020 1807 2255 1873; x_wconf 80' lang='lat' dir='ltr'>iudicio</span> <span class='ocrx_word' id='word_1_24' title='bbox 2294 1826 2444 1873; x_wconf 89' lang='lat' dir='ltr'>uero</span> <span class='ocrx_word' id='word_1_25' title='bbox 2482 1808 2576 1874; x_wconf 87' lang='lat' dir='ltr'>sie</span> <span class='ocrx_word' id='word_1_26' title='bbox 2614 1826 2726 1874; x_wconf 87' lang='lat' dir='ltr'>eos</span> <span class='ocrx_word' id='word_1_27' title='bbox 2763 1824 2897 1872; x_wconf 85' lang='lat' dir='ltr'>cor-</span> 
     </span>
     <span class='ocr_line' id='line_1_5' title="bbox 611 1913 2895 1999; baseline -0.001 -20"><span class='ocrx_word' id='word_1_28' title='bbox 611 1915 829 1999; x_wconf 83' lang='lat' dir='ltr'>ripuit,</span> <span class='ocrx_word' id='word_1_29' title='bbox 876 1913 1027 1980; x_wconf 87' lang='lat' dir='ltr'>dum</span> <span class='ocrx_word' id='word_1_30' title='bbox 1065 1913 1344 1980; x_wconf 80' lang='lat' dir='ltr'><strong>ostendit</strong></span> <span class='ocrx_word' id='word_1_31' title='bbox 1375 1913 1720 1998; x_wconf 82' lang='lat' dir='ltr'>prinoipem</span> <span class='ocrx_word' id='word_1_32' title='bbox 1755 1913 1974 1979; x_wconf 85' lang='lat' dir='ltr'>muudi</span> <span class='ocrx_word' id='word_1_33' title='bbox 2010 1932 2187 1979; x_wconf 88' lang='lat' dir='ltr'>reum</span> <span class='ocrx_word' id='word_1_34' title='bbox 2224 1913 2459 1979; x_wconf 79' lang='lat' dir='ltr'>sactum</span> <span class='ocrx_word' id='word_1_35' title='bbox 2498 1917 2563 1978; x_wconf 79' lang='lat' dir='ltr'>et</span> <span class='ocrx_word' id='word_1_36' title='bbox 2600 1931 2895 1996; x_wconf 83' lang='lat' dir='ltr'>conpres-</span> 
     </span>
     <span class='ocr_line' id='line_1_6' title="bbox 614 2018 2894 2098; baseline -0.002 -13"><span class='ocrx_word' id='word_1_37' title='bbox 614 2038 758 2086; x_wconf 89' lang='lat' dir='ltr'>sum</span> <span class='ocrx_word' id='word_1_38' title='bbox 821 2020 899 2085; x_wconf 85' lang='lat' dir='ltr'>sb</span> <span class='ocrx_word' id='word_1_39' title='bbox 947 2038 1044 2098; x_wconf 84' lang='lat' dir='ltr'>eo,</span> <span class='ocrx_word' id='word_1_40' title='bbox 1102 2019 1282 2085; x_wconf 84' lang='lat' dir='ltr'>euius</span> <span class='ocrx_word' id='word_1_41' title='bbox 1343 2019 1489 2084; x_wconf 86' lang='lat' dir='ltr'>fidei</span> <span class='ocrx_word' id='word_1_42' title='bbox 1554 2036 1676 2085; x_wconf 89' lang='lat' dir='ltr'>uon</span> <span class='ocrx_word' id='word_1_43' title='bbox 1744 2019 2305 2085; x_wconf 77' lang='lat' dir='ltr'>communicarunt.</span> <span class='ocrx_word' id='word_1_44' title='bbox 2370 2018 2658 2084; x_wconf 79' lang='lat' dir='ltr'>uidentes</span> <span class='ocrx_word' id='word_1_45' title='bbox 2725 2019 2894 2082; x_wconf 89' lang='lat' dir='ltr'>enim</span> 
     </span>
     <span class='ocr_line' id='line_1_7' title="bbox 613 2123 2983 2210; baseline -0.003 -19"><span class='ocrx_word' id='word_1_46' title='bbox 613 2125 855 2191; x_wconf 71' lang='lat' dir='ltr'>animas</span> <span class='ocrx_word' id='word_1_47' title='bbox 901 2124 978 2190; x_wconf 85' lang='lat' dir='ltr'>de</span> <span class='ocrx_word' id='word_1_48' title='bbox 1021 2123 1236 2190; x_wconf 80' lang='lat' dir='ltr'>inferis</span> <span class='ocrx_word' id='word_1_49' title='bbox 1281 2123 1372 2190; x_wconf 88' lang='lat' dir='ltr'>ire</span> <span class='ocrx_word' id='word_1_50' title='bbox 1416 2125 1480 2189; x_wconf 89' lang='lat' dir='ltr'>in</span> <span class='ocrx_word' id='word_1_51' title='bbox 1528 2126 1738 2191; x_wconf 80' lang='lat' dir='ltr'>caelos</span> <span class='ocrx_word' id='word_1_52' title='bbox 1785 2126 2216 2210; x_wconf 79' lang='lat' dir='ltr'>cognoueruut</span> <span class='ocrx_word' id='word_1_53' title='bbox 2262 2123 2693 2189; x_wconf 77' lang='lat' dir='ltr'>adiudicatum</span> <span class='ocrx_word' id='word_1_54' title='bbox 2751 2143 2896 2189; x_wconf 84' lang='lat' dir='ltr'>esse</span> <span class='ocrx_word' id='word_1_55' title='bbox 2957 2143 2983 2184; x_wconf 71' lang='lat'>⁵</span> 
     </span>
     <span class='ocr_line' id='line_1_8' title="bbox 610 2229 2897 2317; baseline -0.001 -20"><span class='ocrx_word' id='word_1_56' title='bbox 610 2231 960 2317; x_wconf 82' lang='lat' dir='ltr'>prinoipem</span> <span class='ocrx_word' id='word_1_57' title='bbox 1019 2229 1210 2296; x_wconf 87' lang='lat' dir='ltr'>huius</span> <span class='ocrx_word' id='word_1_58' title='bbox 1274 2229 1513 2308; x_wconf 83' lang='lat' dir='ltr'>muudi,</span> <span class='ocrx_word' id='word_1_59' title='bbox 1576 2234 1651 2294; x_wconf 85' lang='lat' dir='ltr'>ut</span> <span class='ocrx_word' id='word_1_60' title='bbox 1705 2249 1849 2296; x_wconf 88' lang='lat' dir='ltr'>reus</span> <span class='ocrx_word' id='word_1_61' title='bbox 1913 2230 2121 2296; x_wconf 77' lang='lat' dir='ltr'>sactus</span> <span class='ocrx_word' id='word_1_62' title='bbox 2176 2230 2237 2295; x_wconf 90' lang='lat' dir='ltr'>in</span> <span class='ocrx_word' id='word_1_63' title='bbox 2304 2248 2495 2296; x_wconf 79' lang='lat' dir='ltr'>causa</span> <span class='ocrx_word' id='word_1_64' title='bbox 2556 2229 2897 2295; x_wconf 82' lang='lat' dir='ltr'>saluatoris</span> 
     </span>
     <span class='ocr_line' id='line_1_9' title="bbox 614 2335 1461 2421; baseline -0.002 -19"><span class='ocrx_word' id='word_1_65' title='bbox 614 2354 776 2421; x_wconf 75' lang='lat' dir='ltr'>quse</span> <span class='ocrx_word' id='word_1_66' title='bbox 820 2336 1080 2403; x_wconf 77' lang='lat' dir='ltr'>tenebat</span> <span class='ocrx_word' id='word_1_67' title='bbox 1123 2335 1461 2401; x_wconf 80' lang='lat' dir='ltr'>amitteret.</span> 
     </span>
    </p>

    <p class='ocr_par' dir='ltr' id='par_1_4' title="bbox 612 2438 2987 3472">
     <span class='ocr_line' id='line_1_10' title="bbox 703 2438 2896 2524; baseline -0 -19"><span class='ocrx_word' id='word_1_68' title='bbox 703 2442 768 2506; x_wconf 82' lang='lat'>2.</span> <span class='ocrx_word' id='word_1_69' title='bbox 812 2440 987 2506; x_wconf 81' lang='lat' dir='ltr'>Haeo</span> <span class='ocrx_word' id='word_1_70' title='bbox 1035 2439 1291 2524; x_wconf 83' lang='lat' dir='ltr'>quidem</span> <span class='ocrx_word' id='word_1_71' title='bbox 1339 2438 1714 2506; x_wconf 77' lang='lat' dir='ltr'>aseendente</span> <span class='ocrx_word' id='word_1_72' title='bbox 1755 2440 2070 2506; x_wconf 76' lang='lat' dir='ltr'>salustore</span> <span class='ocrx_word' id='word_1_73' title='bbox 2117 2442 2255 2506; x_wconf 77' lang='lat' dir='ltr'>uisu</span> <span class='ocrx_word' id='word_1_74' title='bbox 2302 2444 2469 2515; x_wconf 83' lang='lat' dir='ltr'>suut,</span> <span class='ocrx_word' id='word_1_75' title='bbox 2517 2439 2632 2506; x_wconf 83' lang='lat' dir='ltr'>sed</span> <span class='ocrx_word' id='word_1_76' title='bbox 2680 2457 2896 2523; x_wconf 82' lang='lat' dir='ltr'>super·</span> 
     </span>
     <span class='ocr_line' id='line_1_11' title="bbox 614 2545 2898 2630; baseline -0.002 -18"><span class='ocrx_word' id='word_1_77' title='bbox 614 2545 907 2613; x_wconf 82' lang='lat' dir='ltr'>ueniente</span> <span class='ocrx_word' id='word_1_78' title='bbox 961 2546 1024 2611; x_wconf 89' lang='lat' dir='ltr'>iu</span> <span class='ocrx_word' id='word_1_79' title='bbox 1081 2545 1432 2630; x_wconf 79' lang='lat' dir='ltr'>discipulos</span> <span class='ocrx_word' id='word_1_80' title='bbox 1490 2546 1717 2628; x_wconf 82' lang='lat' dir='ltr'>spiritu</span> <span class='ocrx_word' id='word_1_81' title='bbox 1777 2552 1993 2611; x_wconf 79' lang='lat' dir='ltr'>saneto</span> <span class='ocrx_word' id='word_1_82' title='bbox 2050 2549 2259 2629; x_wconf 85' lang='lat' dir='ltr'>pslsm</span> <span class='ocrx_word' id='word_1_83' title='bbox 2316 2550 2655 2630; x_wconf 81' lang='lat' dir='ltr'>aperteque</span> <span class='ocrx_word' id='word_1_84' title='bbox 2702 2551 2898 2611; x_wconf 83' lang='lat' dir='ltr'>mani·</span> 
     </span>
     <span class='ocr_line' id='line_1_12' title="bbox 615 2649 2986 2735; baseline -0.003 -18"><span class='ocrx_word' id='word_1_85' title='bbox 615 2651 848 2717; x_wconf 78' lang='lat' dir='ltr'>seststs</span> <span class='ocrx_word' id='word_1_86' title='bbox 920 2655 1090 2719; x_wconf 73' lang='lat' dir='ltr'>sunt.</span> <span class='ocrx_word' id='word_1_87' title='bbox 1166 2669 1316 2716; x_wconf 82' lang='lat' dir='ltr'>uera</span> <span class='ocrx_word' id='word_1_88' title='bbox 1388 2650 1552 2716; x_wconf 87' lang='lat' dir='ltr'>enim</span> <span class='ocrx_word' id='word_1_89' title='bbox 1617 2651 1927 2735; x_wconf 76' lang='lat' dir='ltr'>correptio</span> <span class='ocrx_word' id='word_1_90' title='bbox 1992 2654 2142 2717; x_wconf 80' lang='lat' dir='ltr'>tune</span> <span class='ocrx_word' id='word_1_91' title='bbox 2207 2649 2350 2728; x_wconf 83' lang='lat' dir='ltr'>suit,</span> <span class='ocrx_word' id='word_1_92' title='bbox 2425 2650 2673 2734; x_wconf 83' lang='lat' dir='ltr'>quando</span> <span class='ocrx_word' id='word_1_93' title='bbox 2747 2654 2896 2733; x_wconf 87' lang='lat' dir='ltr'>post</span> <span class='ocrx_word' id='word_1_94' title='bbox 2938 2668 2986 2711; x_wconf 83' lang='grc' dir='ltr'>ιο</span> 
     </span>
     <span class='ocr_line' id='line_1_13' title="bbox 613 2755 2894 2841; baseline -0.001 -18"><span class='ocrx_word' id='word_1_95' title='bbox 613 2756 976 2840; x_wconf 75' lang='lat' dir='ltr'><strong>passionem</strong></span> <span class='ocrx_word' id='word_1_96' title='bbox 1021 2756 1099 2822; x_wconf 83' lang='lat' dir='ltr'>sd</span> <span class='ocrx_word' id='word_1_97' title='bbox 1146 2757 1580 2823; x_wconf 76' lang='lat' dir='ltr'>testimouium</span> <span class='ocrx_word' id='word_1_98' title='bbox 1638 2757 1974 2822; x_wconf 71' lang='lat' dir='ltr'>saluatoris</span> <span class='ocrx_word' id='word_1_99' title='bbox 2029 2757 2281 2841; x_wconf 87' lang='lat' dir='ltr'>publice</span> <span class='ocrx_word' id='word_1_100' title='bbox 2329 2776 2365 2822; x_wconf 82' lang='lat' dir='ltr'>s</span> <span class='ocrx_word' id='word_1_101' title='bbox 2410 2757 2663 2840; x_wconf 82' lang='lat' dir='ltr'>perfidis</span> <span class='ocrx_word' id='word_1_102' title='bbox 2720 2755 2894 2821; x_wconf 85' lang='lat' dir='ltr'>uide·</span> 
     </span>
     <span class='ocr_line' id='line_1_14' title="bbox 612 2859 2897 2947; baseline -0.001 -19"><span class='ocrx_word' id='word_1_103' title='bbox 612 2863 842 2928; x_wconf 75' lang='lat' dir='ltr'>bantur</span> <span class='ocrx_word' id='word_1_104' title='bbox 885 2868 1286 2946; x_wconf 77' lang='lat' dir='ltr'>resurgentes</span> <span class='ocrx_word' id='word_1_105' title='bbox 1343 2862 1595 2942; x_wconf 86' lang='lat' dir='ltr'>mortui,</span> <span class='ocrx_word' id='word_1_106' title='bbox 1650 2861 1860 2928; x_wconf 82' lang='lat' dir='ltr'>claudi</span> <span class='ocrx_word' id='word_1_107' title='bbox 1916 2867 2261 2940; x_wconf 80' lang='lat' dir='ltr'>currentes,</span> <span class='ocrx_word' id='word_1_108' title='bbox 2306 2863 2538 2947; x_wconf 82' lang='lat' dir='ltr'>leprosi</span> <span class='ocrx_word' id='word_1_109' title='bbox 2585 2859 2897 2928; x_wconf 77' lang='lat' dir='ltr'>mundati.</span> 
     </span>
     <span class='ocr_line' id='line_1_15' title="bbox 613 2968 2898 3052; baseline -0.001 -19"><span class='ocrx_word' id='word_1_110' title='bbox 613 2969 942 3052; x_wconf 79' lang='lat' dir='ltr'><strong>paralytici</strong></span> <span class='ocrx_word' id='word_1_111' title='bbox 989 2968 1358 3045; x_wconf 82' lang='lat' dir='ltr'>confirmati,</span> <span class='ocrx_word' id='word_1_112' title='bbox 1399 2969 1567 3034; x_wconf 83' lang='lat' dir='ltr'>caeci</span> <span class='ocrx_word' id='word_1_113' title='bbox 1608 2969 1907 3052; x_wconf 81' lang='lat' dir='ltr'>aspicere,</span> <span class='ocrx_word' id='word_1_114' title='bbox 1949 2969 2125 3035; x_wconf 83' lang='lat' dir='ltr'>surdi</span> <span class='ocrx_word' id='word_1_115' title='bbox 2172 2969 2407 3049; x_wconf 79' lang='lat' dir='ltr'>audire,</span> <span class='ocrx_word' id='word_1_116' title='bbox 2454 2970 2616 3033; x_wconf 88' lang='lat' dir='ltr'>muti</span> <span class='ocrx_word' id='word_1_117' title='bbox 2663 2968 2898 3050; x_wconf 83' lang='lat' dir='ltr'>eloqui,</span> 
     </span>
     <span class='ocr_line' id='line_1_16' title="bbox 615 3073 2896 3161; baseline -0.001 -22"><span class='ocrx_word' id='word_1_118' title='bbox 615 3073 1055 3140; x_wconf 73' lang='lat' dir='ltr'>daemonistioi</span> <span class='ocrx_word' id='word_1_119' title='bbox 1100 3075 1374 3159; x_wconf 80' lang='lat' dir='ltr'>purgati,</span> <span class='ocrx_word' id='word_1_120' title='bbox 1410 3075 1639 3140; x_wconf 86' lang='lat' dir='ltr'>infirmi</span> <span class='ocrx_word' id='word_1_121' title='bbox 1687 3080 2051 3158; x_wconf 78' lang='lat' dir='ltr'>recuperata</span> <span class='ocrx_word' id='word_1_122' title='bbox 2096 3075 2369 3141; x_wconf 79' lang='lat' dir='ltr'>sanitate</span> <span class='ocrx_word' id='word_1_123' title='bbox 2417 3075 2652 3161; x_wconf 83' lang='lat' dir='ltr'>gratiss</span> <span class='ocrx_word' id='word_1_124' title='bbox 2690 3091 2896 3158; x_wconf 79' lang='lat' dir='ltr'>agere.</span> 
     </span>
     <span class='ocr_line' id='line_1_17' title="bbox 615 3178 2987 3266; baseline -0.001 -21"><span class='ocrx_word' id='word_1_125' title='bbox 615 3179 736 3246; x_wconf 86' lang='lat' dir='ltr'>hoo</span> <span class='ocrx_word' id='word_1_126' title='bbox 790 3178 978 3245; x_wconf 86' lang='lat' dir='ltr'>modo</span> <span class='ocrx_word' id='word_1_127' title='bbox 1035 3180 1296 3265; x_wconf 78' lang='lat' dir='ltr'>spiritus</span> <span class='ocrx_word' id='word_1_128' title='bbox 1353 3184 1608 3247; x_wconf 77' lang='lat' dir='ltr'>sanetus</span> <span class='ocrx_word' id='word_1_129' title='bbox 1666 3181 1879 3266; x_wconf 77' lang='lat' dir='ltr'>arguit</span> <span class='ocrx_word' id='word_1_130' title='bbox 1932 3179 2260 3257; x_wconf 83' lang='lat' dir='ltr'>mundum,</span> <span class='ocrx_word' id='word_1_131' title='bbox 2318 3182 2465 3263; x_wconf 84' lang='lat' dir='ltr'>quia</span> <span class='ocrx_word' id='word_1_132' title='bbox 2520 3180 2580 3244; x_wconf 90' lang='lat' dir='ltr'>in</span> <span class='ocrx_word' id='word_1_133' title='bbox 2641 3178 2895 3244; x_wconf 90' lang='lat' dir='ltr'>nomine</span> <span class='ocrx_word' id='word_1_134' title='bbox 2938 3197 2987 3235; x_wconf 76' lang='lat'>¹⁵</span> 
     </span>
     <span class='ocr_line' id='line_1_18' title="bbox 616 3283 2893 3369; baseline -0.001 -20"><span class='ocrx_word' id='word_1_135' title='bbox 616 3283 976 3364; x_wconf 80' lang='lat' dir='ltr'>saluatoris,</span> <span class='ocrx_word' id='word_1_136' title='bbox 1024 3285 1134 3368; x_wconf 83' lang='lat' dir='ltr'>qui</span> <span class='ocrx_word' id='word_1_137' title='bbox 1180 3285 1551 3369; x_wconf 80' lang='lat' dir='ltr'>reprobatus</span> <span class='ocrx_word' id='word_1_138' title='bbox 1601 3290 1701 3351; x_wconf 81' lang='lat' dir='ltr'>est</span> <span class='ocrx_word' id='word_1_139' title='bbox 1756 3304 1791 3350; x_wconf 86' lang='lat' dir='ltr'><strong>a</strong></span> <span class='ocrx_word' id='word_1_140' title='bbox 1846 3287 2101 3364; x_wconf 82' lang='lat' dir='ltr'>mundo,</span> <span class='ocrx_word' id='word_1_141' title='bbox 2159 3286 2439 3350; x_wconf 89' lang='lat' dir='ltr'>omnium</span> <span class='ocrx_word' id='word_1_142' title='bbox 2496 3285 2893 3351; x_wconf 77' lang='lat' dir='ltr'>curationum</span> 
     </span>
     <span class='ocr_line' id='line_1_19' title="bbox 618 3389 1396 3472; baseline -0.001 -17"><span class='ocrx_word' id='word_1_143' title='bbox 618 3389 889 3457; x_wconf 80' lang='lat' dir='ltr'>uirtutes</span> <span class='ocrx_word' id='word_1_144' title='bbox 935 3394 1232 3472; x_wconf 80' lang='lat' dir='ltr'>operatus</span> <span class='ocrx_word' id='word_1_145' title='bbox 1279 3395 1396 3455; x_wconf 80' lang='lat' dir='ltr'>est.</span> 
     </span>
    </p>
   </div>
   <div class='ocr_carea' id='block_1_4' title="bbox 612 3576 2982 4384">
    <p class='ocr_par' dir='ltr' id='par_1_5' title="bbox 612 3576 2982 4384">
     <span class='ocr_line' id='line_1_20' title="bbox 613 3576 2892 3658; baseline -0.001 -13"><span class='ocrx_word' id='word_1_146' title='bbox 613 3578 745 3646; x_wconf 84' lang='lat' dir='ltr'>XC.</span> <span class='ocrx_word' id='word_1_147' title='bbox 792 3579 869 3646; x_wconf 89' lang='lat' dir='ltr'>SI</span> <span class='ocrx_word' id='word_1_148' title='bbox 925 3576 1344 3646; x_wconf 82' lang='lat' dir='ltr'>DIABOLUS</span> <span class='ocrx_word' id='word_1_149' title='bbox 1401 3577 1585 3644; x_wconf 87' lang='lat' dir='ltr'>IPSE</span> <span class='ocrx_word' id='word_1_150' title='bbox 1642 3577 1795 3644; x_wconf 84' lang='lat' dir='ltr'>EST</span> <span class='ocrx_word' id='word_1_151' title='bbox 1854 3577 2250 3655; x_wconf 71' lang='lat' dir='ltr'>SA&#39;MNAS,</span> <span class='ocrx_word' id='word_1_152' title='bbox 2309 3576 2514 3658; x_wconf 88' lang='lat' dir='ltr'>QUID</span> <span class='ocrx_word' id='word_1_153' title='bbox 2570 3578 2724 3645; x_wconf 85' lang='lat' dir='ltr'>EST</span> <span class='ocrx_word' id='word_1_154' title='bbox 2783 3578 2892 3644; x_wconf 76' lang='lat' dir='ltr'>UT</span> 
     </span>
     <span class='ocr_line' id='line_1_21' title="bbox 612 3681 2893 3752; baseline -0.001 0"><span class='ocrx_word' id='word_1_155' title='bbox 612 3683 870 3752; x_wconf 81' lang='lat' dir='ltr'>INTER</span> <span class='ocrx_word' id='word_1_156' title='bbox 915 3684 1236 3752; x_wconf 83' lang='lat' dir='ltr'>CETERA</span> <span class='ocrx_word' id='word_1_157' title='bbox 1294 3683 1544 3750; x_wconf 83' lang='lat' dir='ltr'>DICAT</span> <span class='ocrx_word' id='word_1_158' title='bbox 1600 3684 1713 3751; x_wconf 81' lang='lat' dir='ltr'>AD</span> <span class='ocrx_word' id='word_1_159' title='bbox 1768 3682 2134 3750; x_wconf 82' lang='lat' dir='ltr'>IUDAEOS</span> <span class='ocrx_word' id='word_1_160' title='bbox 2193 3681 2657 3750; x_wconf 81' lang='lat' dir='ltr'>SALUATOR:</span> <span class='ocrx_word' id='word_1_161' title='bbox 2706 3682 2893 3750; x_wconf 76' lang='lat' dir='ltr'>‘UOS</span> 
     </span>
     <span class='ocr_line' id='line_1_22' title="bbox 614 3787 2982 3856; baseline -0.004 -1"><span class='ocrx_word' id='word_1_162' title='bbox 614 3790 726 3856; x_wconf 87' lang='lat' dir='ltr'>DE</span> <span class='ocrx_word' id='word_1_163' title='bbox 769 3790 1040 3856; x_wconf 83' lang='lat' dir='ltr'>PATRE</span> <span class='ocrx_word' id='word_1_164' title='bbox 1089 3789 1459 3856; x_wconf 80' lang='lat' dir='ltr'><strong>DIABOLO</strong></span> <span class='ocrx_word' id='word_1_165' title='bbox 1506 3789 1736 3856; x_wconf 86' lang='lat' dir='ltr'>ESTIS</span> <span class='ocrx_word' id='word_1_166' title='bbox 1785 3790 1887 3855; x_wconf 86' lang='lat' dir='ltr'>ET</span> <span class='ocrx_word' id='word_1_167' title='bbox 1936 3787 2708 3856; x_wconf 81' lang='lat' dir='ltr'>CONCUPISCENTIAS</span> <span class='ocrx_word' id='word_1_168' title='bbox 2757 3789 2892 3855; x_wconf 78' lang='grc' dir='ltr'>ΡΑ·</span> <span class='ocrx_word' id='word_1_169' title='bbox 2928 3803 2982 3845; x_wconf 73' lang='lat'>20</span> 
     </span>
     <span class='ocr_line' id='line_1_23' title="bbox 614 3894 2891 3963; baseline -0 -1"><span class='ocrx_word' id='word_1_170' title='bbox 614 3896 801 3963; x_wconf 84' lang='lat' dir='ltr'>TRIS</span> <span class='ocrx_word' id='word_1_171' title='bbox 830 3895 1127 3963; x_wconf 84' lang='lat' dir='ltr'>UESTRI</span> <span class='ocrx_word' id='word_1_172' title='bbox 1160 3896 1458 3963; x_wconf 85' lang='lat' dir='ltr'>UULTIS</span> <span class='ocrx_word' id='word_1_173' title='bbox 1486 3895 1830 3962; x_wconf 80' lang='lat' dir='ltr'><strong>FACERE.</strong></span> <span class='ocrx_word' id='word_1_174' title='bbox 1869 3895 2055 3961; x_wconf 87' lang='lat' dir='ltr'>ILLE</span> <span class='ocrx_word' id='word_1_175' title='bbox 2094 3894 2512 3961; x_wconf 76' lang='lat' dir='ltr'>HOMICIDA</span> <span class='ocrx_word' id='word_1_176' title='bbox 2552 3895 2749 3961; x_wconf 84' lang='lat' dir='ltr'>FUIT</span> <span class='ocrx_word' id='word_1_177' title='bbox 2776 3896 2891 3961; x_wconf 87' lang='lat' dir='ltr'>AB</span> 
     </span>
     <span class='ocr_line' id='line_1_24' title="bbox 618 4000 2890 4082; baseline -0.001 -14"><span class='ocrx_word' id='word_1_178' title='bbox 618 4001 879 4069; x_wconf 77' lang='lat' dir='ltr'>INlTIO</span> <span class='ocrx_word' id='word_1_179' title='bbox 935 4004 1038 4068; x_wconf 87' lang='grc' dir='ltr'>ΕΤ</span> <span class='ocrx_word' id='word_1_180' title='bbox 1099 4003 1186 4067; x_wconf 84' lang='lat' dir='ltr'>IN</span> <span class='ocrx_word' id='word_1_181' title='bbox 1233 4002 1647 4068; x_wconf 78' lang='lat' dir='ltr'>UERITATE</span> <span class='ocrx_word' id='word_1_182' title='bbox 1696 4000 1871 4067; x_wconf 86' lang='lat' dir='ltr'>NON</span> <span class='ocrx_word' id='word_1_183' title='bbox 1922 4000 2230 4077; x_wconf 82' lang='lat' dir='ltr'>STET1T‚</span> <span class='ocrx_word' id='word_1_184' title='bbox 2279 4001 2483 4082; x_wconf 79' lang='lat' dir='ltr'><strong>QUIA</strong></span> <span class='ocrx_word' id='word_1_185' title='bbox 2534 4000 2890 4066; x_wconf 80' lang='lat' dir='ltr'>UERITAS</span> 
     </span>
     <span class='ocr_line' id='line_1_25' title="bbox 615 4104 2891 4187; baseline -0.002 -12"><span class='ocrx_word' id='word_1_186' title='bbox 615 4107 791 4175; x_wconf 78' lang='lat' dir='ltr'>NON</span> <span class='ocrx_word' id='word_1_187' title='bbox 829 4107 982 4174; x_wconf 85' lang='lat' dir='ltr'>EST</span> <span class='ocrx_word' id='word_1_188' title='bbox 1017 4107 1108 4174; x_wconf 81' lang='lat' dir='ltr'>IN</span> <span class='ocrx_word' id='word_1_189' title='bbox 1146 4106 1273 4176; x_wconf 87' lang='grc' dir='ltr'>ΕΟ.</span> <span class='ocrx_word' id='word_1_190' title='bbox 1311 4106 1492 4173; x_wconf 86' lang='lat' dir='ltr'>CUM</span> <span class='ocrx_word' id='word_1_191' title='bbox 1527 4106 1959 4187; x_wconf 79' lang='lat' dir='ltr'><strong>LOQL&#39;ITL&#39;R</strong></span> <span class='ocrx_word' id='word_1_192' title='bbox 1993 4104 2527 4172; x_wconf 81' lang='lat' dir='ltr'>MENDACIUM.</span> <span class='ocrx_word' id='word_1_193' title='bbox 2567 4105 2676 4170; x_wconf 80' lang='lat' dir='ltr'>EX</span> <span class='ocrx_word' id='word_1_194' title='bbox 2707 4104 2891 4171; x_wconf 79' lang='lat' dir='ltr'>SL&#39;lS</span> 
     </span>
     <span class='ocr_line' id='line_1_26' title="bbox 616 4210 2891 4294; baseline -0.001 -16"><span class='ocrx_word' id='word_1_195' title='bbox 616 4213 1004 4279; x_wconf 85' lang='lat' dir='ltr'>PROPRIIS</span> <span class='ocrx_word' id='word_1_196' title='bbox 1070 4211 1517 4293; x_wconf 84' lang='lat' dir='ltr'>LOQU1TUR‚</span> <span class='ocrx_word' id='word_1_197' title='bbox 1575 4214 1778 4294; x_wconf 81' lang='lat' dir='ltr'><strong>QUIA</strong></span> <span class='ocrx_word' id='word_1_198' title='bbox 1833 4212 2191 4278; x_wconf 80' lang='lat' dir='ltr'>MENDAX</span> <span class='ocrx_word' id='word_1_199' title='bbox 2249 4212 2421 4291; x_wconf 84' lang='lat' dir='ltr'>EST,</span> <span class='ocrx_word' id='word_1_200' title='bbox 2487 4210 2730 4278; x_wconf 82' lang='lat' dir='ltr'>SICUT</span> <span class='ocrx_word' id='word_1_201' title='bbox 2787 4212 2891 4276; x_wconf 85' lang='grc' dir='ltr'>ΕΤ</span> 
     </span>
     <span class='ocr_line' id='line_1_27' title="bbox 1470 4318 2976 4384; baseline -0.001 0"><span class='ocrx_word' id='word_1_202' title='bbox 1470 4320 1743 4384; x_wconf 80' lang='lat' dir='ltr'>PATER</span> <span class='ocrx_word' id='word_1_203' title='bbox 1787 4318 2039 4384; x_wconf 79' lang='lat' dir='ltr'>EIUS’?</span> <span class='ocrx_word' id='word_1_204' title='bbox 2925 4333 2976 4373; x_wconf 66' lang='grc' dir='ltr'>ι’»</span> 
     </span>
    </p>
   </div>
   <div class='ocr_carea' id='block_1_5' title="bbox 617 4458 2889 4648">
    <p class='ocr_par' dir='ltr' id='par_1_6' title="bbox 617 4458 2889 4648">
     <span class='ocr_line' id='line_1_28' title="bbox 709 4458 2889 4542; baseline -0.001 -17"><span class='ocrx_word' id='word_1_205' title='bbox 709 4460 1015 4526; x_wconf 80' lang='lat' dir='ltr'>Diabolus</span> <span class='ocrx_word' id='word_1_206' title='bbox 1072 4479 1191 4525; x_wconf 91' lang='lat' dir='ltr'>non</span> <span class='ocrx_word' id='word_1_207' title='bbox 1251 4460 1523 4542; x_wconf 81' lang='lat' dir='ltr'>speciale</span> <span class='ocrx_word' id='word_1_208' title='bbox 1580 4479 1804 4525; x_wconf 88' lang='lat' dir='ltr'>nomen</span> <span class='ocrx_word' id='word_1_209' title='bbox 1862 4464 1981 4535; x_wconf 81' lang='lat' dir='ltr'>est,</span> <span class='ocrx_word' id='word_1_210' title='bbox 2039 4458 2149 4524; x_wconf 85' lang='lat' dir='ltr'>sed</span> <span class='ocrx_word' id='word_1_211' title='bbox 2211 4477 2561 4524; x_wconf 84' lang='lat' dir='ltr'>commune.</span> <span class='ocrx_word' id='word_1_212' title='bbox 2614 4459 2678 4522; x_wconf 88' lang='lat' dir='ltr'>in</span> <span class='ocrx_word' id='word_1_213' title='bbox 2737 4478 2889 4541; x_wconf 90' lang='lat' dir='ltr'>quo·</span> 
     </span>
     <span class='ocr_line' id='line_1_29' title="bbox 617 4561 2889 4648; baseline -0.001 -18"><span class='ocrx_word' id='word_1_214' title='bbox 617 4583 891 4648; x_wconf 83' lang='lat' dir='ltr'>eumque</span> <span class='ocrx_word' id='word_1_215' title='bbox 937 4565 1104 4630; x_wconf 88' lang='lat' dir='ltr'>enim</span> <span class='ocrx_word' id='word_1_216' title='bbox 1151 4583 1338 4646; x_wconf 82' lang='lat' dir='ltr'>opera</span> <span class='ocrx_word' id='word_1_217' title='bbox 1382 4562 1615 4629; x_wconf 78' lang='lat' dir='ltr'>diaboli</span> <span class='ocrx_word' id='word_1_218' title='bbox 1664 4563 1898 4629; x_wconf 81' lang='lat' dir='ltr'>fuerint</span> <span class='ocrx_word' id='word_1_219' title='bbox 1940 4564 2217 4640; x_wconf 82' lang='lat' dir='ltr'>inuenta,</span> <span class='ocrx_word' id='word_1_220' title='bbox 2266 4565 2402 4629; x_wconf 88' lang='lat' dir='ltr'>sine</span> <span class='ocrx_word' id='word_1_221' title='bbox 2447 4562 2640 4628; x_wconf 86' lang='lat' dir='ltr'>dubio</span> <span class='ocrx_word' id='word_1_222' title='bbox 2679 4561 2889 4628; x_wconf 83' lang='lat' dir='ltr'>diabo-</span> 
     </span>
    </p>
   </div>
   <div class='ocr_carea' id='block_1_6' title="bbox 794 4788 1858 4858">
    <p class='ocr_par' dir='ltr' id='par_1_7' title="bbox 794 4788 1858 4858">
     <span class='ocr_line' id='line_1_30' title="bbox 794 4788 1858 4858; baseline 0.003 -16"><span class='ocrx_word' id='word_1_223' title='bbox 794 4791 828 4842; x_wconf 75' lang='lat'>4</span> <span class='ocrx_word' id='word_1_224' title='bbox 867 4788 933 4842; x_wconf 74' lang='lat' dir='ltr'>cf.</span> <span class='ocrx_word' id='word_1_225' title='bbox 973 4792 1092 4843; x_wconf 77' lang='lat' dir='ltr'>Aet.</span> <span class='ocrx_word' id='word_1_226' title='bbox 1132 4789 1330 4858; x_wconf 65' lang='lat' dir='ltr'>passim</span> <span class='ocrx_word' id='word_1_227' title='bbox 1446 4789 1508 4842; x_wconf 77' lang='lat'>19</span> <span class='ocrx_word' id='word_1_228' title='bbox 1545 4788 1661 4845; x_wconf 72' lang='lat'>1011.</span> <span class='ocrx_word' id='word_1_229' title='bbox 1699 4789 1751 4858; x_wconf 89' lang='lat'>8,</span> <span class='ocrx_word' id='word_1_230' title='bbox 1788 4789 1858 4844; x_wconf 78' lang='lat'>44</span> 
     </span>
    </p>
   </div>
   <div class='ocr_carea' id='block_1_7' title="bbox 441 4928 2889 5444">
    <p class='ocr_par' dir='ltr' id='par_1_8' title="bbox 441 4928 2889 5444">
     <span class='ocr_line' id='line_1_31' title="bbox 441 4928 2885 5002; baseline 0 -20"><span class='ocrx_word' id='word_1_231' title='bbox 441 4928 624 4997; x_wconf 66' lang='lat' dir='ltr'>defi?</span> <span class='ocrx_word' id='word_1_232' title='bbox 691 4932 715 4986; x_wconf 88' lang='lat'>1</span> <span class='ocrx_word' id='word_1_233' title='bbox 762 4934 955 5000; x_wconf 77' lang='lat' dir='ltr'>urguet</span> <span class='ocrx_word' id='word_1_234' title='bbox 996 4930 1045 4986; x_wconf 80' lang='lat'><em>0</em></span> <span class='ocrx_word' id='word_1_235' title='bbox 1188 4934 1222 4985; x_wconf 82' lang='lat'>3</span> <span class='ocrx_word' id='word_1_236' title='bbox 1261 4946 1652 5002; x_wconf 72' lang='lat' dir='ltr'>compnesum·</span> <span class='ocrx_word' id='word_1_237' title='bbox 1687 4931 1736 4985; x_wconf 83' lang='lat' dir='ltr'>G&#39;</span> <span class='ocrx_word' id='word_1_238' title='bbox 1870 4934 1905 4986; x_wconf 76' lang='lat'>4</span> <span class='ocrx_word' id='word_1_239' title='bbox 1943 4948 2008 4987; x_wconf 84' lang='lat' dir='ltr'>eu</span> <span class='ocrx_word' id='word_1_240' title='bbox 2043 4930 2198 4998; x_wconf 80' lang='lat' dir='ltr'><em>(add.</em></span> <span class='ocrx_word' id='word_1_241' title='bbox 2237 4930 2322 4986; x_wconf 81' lang='lat' dir='ltr'>ius</span> <span class='ocrx_word' id='word_1_242' title='bbox 2358 4947 2402 4986; x_wconf 81' lang='lat' dir='ltr'>s.</span> <span class='ocrx_word' id='word_1_243' title='bbox 2441 4929 2500 4985; x_wconf 71' lang='lat'>1.»</span> <span class='ocrx_word' id='word_1_244' title='bbox 2537 4929 2598 4983; x_wconf 82' lang='lat' dir='ltr'><em>N</em></span> <span class='ocrx_word' id='word_1_245' title='bbox 2740 4946 2885 4984; x_wconf 84' lang='lat' dir='ltr'>eom·</span> 
     </span>
     <span class='ocr_line' id='line_1_32' title="bbox 619 5018 2888 5088; baseline -0.002 -13"><span class='ocrx_word' id='word_1_246' title='bbox 619 5020 986 5075; x_wconf 72' lang='lat' dir='ltr'>mmniearunt</span> <span class='ocrx_word' id='word_1_247' title='bbox 1020 5019 1082 5073; x_wconf 86' lang='lat' dir='ltr'><em>N</em></span> <span class='ocrx_word' id='word_1_248' title='bbox 1117 5020 1646 5075; x_wconf 67' lang='lat' dir='ltr'>communicauerunt</span> <span class='ocrx_word' id='word_1_249' title='bbox 1684 5018 1792 5074; x_wconf 75' lang='grc' dir='ltr'>ΟΔ</span> <span class='ocrx_word' id='word_1_250' title='bbox 1970 5021 2000 5073; x_wconf 85' lang='grc'><strong>7</strong></span> <span class='ocrx_word' id='word_1_251' title='bbox 2050 5021 2382 5075; x_wconf 76' lang='lat' dir='ltr'>ammitteret</span> <span class='ocrx_word' id='word_1_252' title='bbox 2424 5023 2538 5088; x_wconf 80' lang='lat' dir='ltr'>(pr.</span> <span class='ocrx_word' id='word_1_253' title='bbox 2583 5033 2636 5071; x_wconf 89' lang='lat' dir='ltr'>m</span> <span class='ocrx_word' id='word_1_254' title='bbox 2684 5033 2803 5086; x_wconf 70' lang='lat' dir='ltr'>exp.</span> <span class='ocrx_word' id='word_1_255' title='bbox 2840 5026 2888 5071; x_wconf 74' lang='lat' dir='ltr'>et</span> 
     </span>
     <span class='ocr_line' id='line_1_33' title="bbox 618 5105 2887 5178; baseline -0.002 -16"><span class='ocrx_word' id='word_1_256' title='bbox 618 5125 757 5163; x_wconf 71' lang='lat' dir='ltr'>ema.</span> <span class='ocrx_word' id='word_1_257' title='bbox 795 5110 872 5174; x_wconf 77' lang='grc' dir='ltr'>Δ)</span> <span class='ocrx_word' id='word_1_258' title='bbox 910 5108 972 5161; x_wconf 85' lang='grc' dir='ltr'><em>Χ</em></span> <span class='ocrx_word' id='word_1_259' title='bbox 1067 5109 1101 5162; x_wconf 90' lang='grc'>8</span> <span class='ocrx_word' id='word_1_260' title='bbox 1138 5109 1462 5162; x_wconf 71' lang='lat' dir='ltr'>saluatorem</span> <span class='ocrx_word' id='word_1_261' title='bbox 1501 5107 1685 5177; x_wconf 71' lang='lat' dir='ltr'>(corr.)</span> <span class='ocrx_word' id='word_1_262' title='bbox 1721 5106 1855 5161; x_wconf 76' lang='lat' dir='ltr'>MN</span> <span class='ocrx_word' id='word_1_263' title='bbox 1947 5109 1981 5162; x_wconf 80' lang='grc'>9</span> <span class='ocrx_word' id='word_1_264' title='bbox 2017 5110 2201 5178; x_wconf 72' lang='lat' dir='ltr'>aperte</span> <span class='ocrx_word' id='word_1_265' title='bbox 2240 5123 2376 5177; x_wconf 65' lang='lat' dir='ltr'>quse</span> <span class='ocrx_word' id='word_1_266' title='bbox 2419 5105 2574 5162; x_wconf 80' lang='lat' dir='ltr'>CFG</span> <span class='ocrx_word' id='word_1_267' title='bbox 2716 5105 2887 5159; x_wconf 73' lang='lat' dir='ltr'>mani·</span> 
     </span>
     <span class='ocr_line' id='line_1_34' title="bbox 617 5191 2889 5265; baseline -0.002 -14"><span class='ocrx_word' id='word_1_268' title='bbox 617 5197 762 5252; x_wconf 67' lang='lat' dir='ltr'>fests</span> <span class='ocrx_word' id='word_1_269' title='bbox 793 5196 899 5252; x_wconf 72' lang='grc' dir='ltr'>ΘΔ</span> <span class='ocrx_word' id='word_1_270' title='bbox 1045 5197 1109 5249; x_wconf 79' lang='lat'>12</span> <span class='ocrx_word' id='word_1_271' title='bbox 1148 5199 1423 5250; x_wconf 81' lang='lat' dir='ltr'>curreutes</span> <span class='ocrx_word' id='word_1_272' title='bbox 1459 5199 1570 5264; x_wconf 74' lang='lat' dir='ltr'>(pr.</span> <span class='ocrx_word' id='word_1_273' title='bbox 1607 5213 1634 5249; x_wconf 86' lang='lat' dir='ltr'>r</span> <span class='ocrx_word' id='word_1_274' title='bbox 1672 5198 1730 5248; x_wconf 78' lang='lat' dir='ltr'>e’u</span> <span class='ocrx_word' id='word_1_275' title='bbox 1768 5197 1901 5265; x_wconf 80' lang='lat' dir='ltr'>ms.)</span> <span class='ocrx_word' id='word_1_276' title='bbox 1944 5195 1992 5249; x_wconf 74' lang='lat' dir='ltr'>(J</span> <span class='ocrx_word' id='word_1_277' title='bbox 2133 5196 2199 5249; x_wconf 76' lang='lat'>14</span> <span class='ocrx_word' id='word_1_278' title='bbox 2237 5193 2668 5263; x_wconf 67' lang='lat' dir='ltr'>d(s)emoni⁸tici</span> <span class='ocrx_word' id='word_1_279' title='bbox 2701 5191 2889 5247; x_wconf 67' lang='lat' dir='ltr'>HNX</span> 
     </span>
     <span class='ocr_line' id='line_1_35' title="bbox 617 5278 2884 5353; baseline -0.001 -15"><span class='ocrx_word' id='word_1_280' title='bbox 617 5288 761 5353; x_wconf 66' lang='lat' dir='ltr'>(exp.</span> <span class='ocrx_word' id='word_1_281' title='bbox 800 5293 849 5339; x_wconf 79' lang='lat' dir='ltr'>et</span> <span class='ocrx_word' id='word_1_282' title='bbox 885 5300 1024 5339; x_wconf 76' lang='lat' dir='ltr'>eras.</span> <span class='ocrx_word' id='word_1_283' title='bbox 1060 5285 1104 5339; x_wconf 78' lang='lat' dir='ltr'>ti</span> <span class='ocrx_word' id='word_1_284' title='bbox 1143 5286 1214 5348; x_wconf 70' lang='lat' dir='ltr'>A)</span> <span class='ocrx_word' id='word_1_285' title='bbox 1263 5282 1593 5338; x_wconf 69' lang='lat' dir='ltr'>daemonisoi</span> <span class='ocrx_word' id='word_1_286' title='bbox 1635 5282 1686 5337; x_wconf 81' lang='lat'><em>0</em></span> <span class='ocrx_word' id='word_1_287' title='bbox 1855 5282 2173 5338; x_wconf 69' lang='lat' dir='ltr'>recubents</span> <span class='ocrx_word' id='word_1_288' title='bbox 2212 5281 2328 5337; x_wconf 76' lang='lat' dir='ltr'>CF·</span> <span class='ocrx_word' id='word_1_289' title='bbox 2441 5281 2512 5336; x_wconf 79' lang='lat'>20</span> <span class='ocrx_word' id='word_1_290' title='bbox 2548 5280 2640 5351; x_wconf 78' lang='lat' dir='ltr'>do]</span> <span class='ocrx_word' id='word_1_291' title='bbox 2675 5296 2739 5336; x_wconf 80' lang='lat' dir='ltr'>ex</span> <span class='ocrx_word' id='word_1_292' title='bbox 2781 5278 2884 5335; x_wconf 74' lang='lat' dir='ltr'>GA</span> 
     </span>
     <span class='ocr_line' id='line_1_36' title="bbox 617 5368 2439 5444; baseline -0.002 -17"><span class='ocrx_word' id='word_1_293' title='bbox 617 5374 787 5444; x_wconf 76' lang='lat' dir='ltr'>putris</span> <span class='ocrx_word' id='word_1_294' title='bbox 821 5378 929 5440; x_wconf 73' lang='lat' dir='ltr'>(atr</span> <span class='ocrx_word' id='word_1_295' title='bbox 968 5374 1022 5426; x_wconf 75' lang='lat' dir='ltr'>iu</span> <span class='ocrx_word' id='word_1_296' title='bbox 1063 5377 1197 5437; x_wconf 75' lang='lat' dir='ltr'>ras.)</span> <span class='ocrx_word' id='word_1_297' title='bbox 1235 5372 1298 5426; x_wconf 89' lang='lat' dir='ltr'><strong><em>N</em></strong></span> <span class='ocrx_word' id='word_1_298' title='bbox 1399 5371 1469 5426; x_wconf 75' lang='lat'>26</span> <span class='ocrx_word' id='word_1_299' title='bbox 1504 5387 1734 5440; x_wconf 85' lang='lat' dir='ltr'>quocum</span> <span class='ocrx_word' id='word_1_300' title='bbox 1761 5371 1833 5425; x_wconf 77' lang='lat' dir='ltr'><strong><em>M</em></strong></span> <span class='ocrx_word' id='word_1_301' title='bbox 1864 5369 2017 5441; x_wconf 77' lang='lat' dir='ltr'><em>(add.</em></span> <span class='ocrx_word' id='word_1_302' title='bbox 2056 5385 2157 5439; x_wconf 84' lang='lat' dir='ltr'>que</span> <span class='ocrx_word' id='word_1_303' title='bbox 2192 5385 2235 5423; x_wconf 84' lang='lat' dir='ltr'>s.</span> <span class='ocrx_word' id='word_1_304' title='bbox 2275 5370 2348 5437; x_wconf 76' lang='grc'>1.),</span> <span class='ocrx_word' id='word_1_305' title='bbox 2391 5368 2439 5423; x_wconf 82' lang='lat'><em>0</em></span> 
     </span>
    </p>
   </div>
  </div>
 </body>
</html>
