3275 6434
688 1405 763 1474 Gap.
782 1401 998 1460 enne-14.
1342 1406 1408 1474 869

269 1598 335 1664 dini
358 1598 489 1664 uerbum
513 1598 565 1664 dei
587 1601 620 1663 et
642 1597 793 1663 uirtutem
817 1600 852 1662 et
874 1597 1061 1680 sapientiam
1083 1597 1149 1672 een
1172 1597 1233 1664 hoo
1255 1601 1306 1664 est
1323 1599 1408 1664 enim

269 1703 367 1769 dens:
389 1703 523 1770 uerbum
546 1703 650 1768 uirtus
673 1703 836 1783 snpientia
860 1701 1005 1769 Christus
1027 1705 1145 1780 autem,
1164 1703 1240 1786 quia
1256 1706 1345 1769 totus
1368 1703 1408 1768 de

269 1812 340 1875 toto
358 1812 410 1874 est
427 1809 485 1874 deo
510 1807 600 1887 deus,
619 1812 653 1873 et
671 1808 828 1892 snpientia
845 1807 962 1873 dieitur
979 1807 1032 1873 (tei
1049 1811 1083 1873 et
1098 1808 1201 1873 uirtus
1220 1810 1254 1874 et
1276 1809 1407 1874 uerbum

270 1914 334 1992 dei,
357 1915 417 1980 hoe
439 1919 491 1980 est
512 1914 607 1980 deum
629 1933 700 1980 esse
723 1913 762 1979 (1ο
785 1912 844 1978 deo
867 1918 901 1978 et
922 1912 1007 1996 apud
1029 1913 1135 1979 (teum.

237 2039 254 2083 e
322 2018 1408 2102 12.Propterqnodait:honeratinprinoipioapud(teum.

271 2124 311 2188 nd
334 2123 523 2190 euineendas
545 2124 628 2189 enim
647 2124 880 2190 incredulorum
898 2127 1019 2190 mentes
1037 2127 1148 2190 ennete
1166 2124 1322 2206 scriptura
1338 2142 1408 2189 eru·

271 2231 329 2311 pit,
349 2238 386 2296 ut
404 2228 584 2296 ostenderet
601 2227 763 2294 Christum
781 2247 852 2294 esse
870 2228 979 2304 deum:
998 2246 1072 2294 enm
1090 2229 1175 2294 omni
1192 2229 1264 2295 loeo
1281 2232 1409 2312 propter

272 2336 427 2401 unitatem
449 2334 500 2400 (tei
521 2334 665 2418 intellegi
687 2335 760 2399 nult
783 2332 945 2399 Christum
968 2352 1040 2400 esse
1062 2333 1168 2411 deum,
1194 2353 1279 2400 nune
1300 2338 1408 2401 eutem

271 2445 382 2524 aperta
402 2458 479 2506 nooe
499 2440 578 2505 dixit
595 2458 666 2505 esse
684 2458 758 2504 eum
777 2438 871 2503 deum
890 2442 924 2504 et
941 2458 1067 2523 semper
1083 2440 1184 2504 inisse
1202 2438 1286 2522 apud
1304 2439 1407 2505 (teum.

225 2546 255 2612 ro
272 2551 504 2612 snorumentum
532 2544 724 2628 patefaciens
752 2544 812 2624 dei,
839 2564 877 2609 ne
900 2545 1026 2610 omnino
1050 2546 1210 2612 solitariae
1233 2548 1428 2628 putaretur,-

271 2652 446 2718 deoleranit
467 2670 527 2716 non
550 2655 716 2734 propterea
737 2669 835 2715 unum
858 2648 922 2714 (tici
944 2649 1048 2728 (teum,
1071 2655 1109 2716 ut
1129 2651 1291 2717 solitarius
1314 2651 1407 2716 aesti-

270 2762 386 2835 metur,
410 2755 467 2822 sed
488 2756 565 2821 lieet
587 2755 649 2820 duo
673 2756 725 2820 nel
747 2760 822 2835 tres,
841 2773 878 2820 er
896 2773 957 2819 uuo
975 2758 1092 2830 tamen,
1111 2773 1171 2821 non
1193 2754 1407 2839 praeiudicare

271 2862 396 2943 unitati,
418 2861 493 2944 quia
514 2859 600 2944 quod
623 2859 662 2924 de
689 2879 751 2925 uno
778 2863 830 2926 eet
856 2858 896 2925 ad
923 2858 1003 2925 illud
1030 2860 1135 2942 ipsum
1162 2859 1306 2941 refertur,
1334 2859 1408 2942 quia

270 2986 355 3032 unus
378 2970 436 3032 est

223 3091 253 3137 nn
319 3074 369 3138 13.
397 3070 551 3151 Quamuis
579 3071 685 3136 omnia
710 3070 856 3136 dieantur
881 3090 919 3137 er
946 3069 1015 3146 deo,
1038 3069 1095 3137 sed
1126 3071 1213 3136 aliud
1245 3068 1407 3154 estquod
1466 3077 1469 3084 ’

271 3177 397 3261 proprie
423 3176 545 3242 exstitit
575 3176 614 3242 de
641 3176 700 3242 deo
727 3183 761 3241 et
786 3176 873 3242 alind
896 3175 980 3259 quod
1002 3179 1082 3241 nutu
1105 3175 1144 3241 de
1166 3176 1243 3242 ioris
1266 3179 1406 3241 ereetum

270 3288 324 3349 est
344 3283 410 3361 ‹tei;
434 3285 492 3348 hoo
514 3286 573 3358 est,
596 3281 683 3348 aliud
710 3286 760 3347 est
786 3281 871 3364 quod
893 3282 932 3347 de
959 3281 1139 3349 substantia
1161 3281 1229 3346 eius
1252 3282 1408 3363 prooessit

235 3414 241 3423 ·
269 3398 305 3455 et
325 3388 412 3454 eliud
435 3388 529 3471 quod,
551 3407 625 3454 eum
647 3389 736 3455 nullo
759 3388 853 3453 modo
875 3391 970 3467 esset,
991 3389 1155 3454 uoluntate
1172 3387 1242 3453 eius
1265 3389 1406 3451 oreatum

270 3499 331 3569 est
355 3494 431 3576 quia
453 3493 536 3575 quod
560 3494 598 3558 de
621 3493 802 3558 substantia
824 3492 876 3558 (tei
897 3493 1054 3577 prooessit
1074 3510 1247 3574 numquam
1268 3492 1331 3556 ruit
1352 3509 1408 3573 per

219 3617 252 3664 an
270 3599 492 3676 substantiam,
511 3598 594 3681 qnod
608 3617 684 3664 uero
699 3602 841 3665 ereetum
854 3603 905 3664 est
917 3606 993 3665 tuno
1011 3599 1116 3680 eoepit
1133 3599 1164 3662 in
1182 3596 1406 3674 substantiam,

269 3724 343 3771 eum
367 3708 506 3769 ornatum
529 3709 589 3784 est,
611 3723 649 3769 no
670 3722 727 3787 per
748 3703 809 3769 hoe
831 3703 957 3769 initium
979 3722 1041 3769 non
1063 3702 1160 3767 habet
1180 3701 1306 3768 trinitas
1329 3700 1406 3767 sola

317 3811 368 3876 14.
391 3810 568 3876 Deelaratio
591 3810 691 3892 igitur
714 3809 859 3891 mysterii
880 3810 992 3874 merita
1014 3807 1087 3873 fidei
1114 3808 1293 3881 minorauit‚
1321 3807 1405 3889 quis,

269 3921 389 3997 quanto
421 3914 578 3979 ooeultius
606 3920 657 3977 eet
684 3913 768 3995 quod
795 3913 943 3992 ereditur,
969 3918 1057 3979 tauto
1090 3913 1191 3997 magis
1223 3912 1407 3995 propensior

270 4020 426 4086 credentis
457 4023 508 4085 est
541 4036 663 4084 meroes
698 4023 733 4083 et
763 4019 865 4084 minor
894 4037 995 4100 poena
1026 4017 1206 4083 diffluentis
1237 4016 1405 4082 deelaratio

221 4145 252 4193 an
269 4132 376 4190 autem
395 4122 548 4207 mysterii,
561 4122 647 4188 siout
660 4122 782 4187 minora
797 4123 875 4190 ieoit
892 4124 1003 4188 mereri
1021 4122 1193 4201 eredentes,
1207 4121 1254 4186 ita
1271 4121 1405 4187 maiores

270 4228 480 4296 exsuscitauit
510 4217 728 4293 diffitentibus
758 4246 885 4311 poenae
916 4227 1113 4294 manifestior
1143 4227 1226 4292 enim
1256 4226 1307 4293 ler
1331 4226 1405 4309 plue

269 4335 348 4402 iacit
369 4353 466 4400 reum.

358 4572 375 4625 5
394 4569 452 4624 leh.
473 4570 532 4631 1‚2

305 4727 417 4797 2quia]
437 4727 484 4796 qui
503 4725 557 4782 θΔ
602 4728 619 4785 8
638 4726 694 4798 dei]
713 4729 779 4784 deus
792 4730 831 4785 Μ
870 4732 888 4786 4
907 4731 952 4786 dei
969 4747 1021 4786 oser.
1034 4731 1063 4786 X
1107 4730 1306 4788 senineeneu
1325 4736 1405 4798 (eurr.

269 4813 463 4880 donineendas)
477 4814 507 4868 N
546 4815 564 4869 8
582 4830 652 4870 nune
668 4821 761 4872 autem
778 4823 874 4889 aperta
891 4835 957 4873 uooe
976 4818 1045 4874 dixit
1062 4834 1121 4874 esse
1140 4835 1199 4874 eam
1218 4817 1298 4874 deum
1315 4835 1369 4873 ose.
1380 4819 1408 4873 P

270 4903 300 4959 11
323 4902 499 4956 deotaruitt’
587 4903 620 4957 18
638 4904 733 4958 usitati
753 4904 778 4959 0
864 4905 911 4976 ad]
929 4907 964 4961 ab
983 4906 1013 4961 X
1093 4907 1170 4962 illum
1188 4906 1269 4962 PON
1284 4906 1332 4961 illo
1352 4905 1407 4961 GA

266 4990 330 5060 ipso
350 4989 405 5046 Ge
477 4991 523 5059 qui
542 4991 570 5044 P
627 4991 659 5047 15
678 4992 753 5047 aliud
765 4995 824 5063 pn}
842 4994 912 5049 alius
932 4992 967 5062 G,
985 4999 1076 5060 (ωπ.)
1092 4996 1120 5049 Δ
1178 4995 1212 5050 18
1230 5010 1291 5049 eum
1308 5009 1360 5049 oue.
1379 4993 1421 5048 Χ

266 5079 317 5135 111ο
337 5078 412 5132 οο11ο
430 5078 458 5132 Ρ
528 5079 560 5132 19
579 5079 636 5151 per]
656 5086 719 5150 post
739 5080 762 5135 0
832 5082 865 5137 21
885 5099 938 5137 non
956 5098 1008 5138 osa
1026 5081 1101 5148 P‚N
1115 5083 1193 5150 (adei
1211 5098 1233 5137 a.
1252 5083 1271 5137 t.
1288 5098 1325 5137 aa.
1341 5083 1407 5150 nro)

266 5167 378 5224 trinitas
398 5170 477 5230 (οοπ.
490 5181 590 5220 sedeo
609 5168 752 5238 miniatis)
767 5167 800 5222 N
831 5169 1024 5225 tiministerii
1037 5169 1070 5224 N
1117 5170 1249 5239 meritiP
1282 5170 1318 5225 28
1332 5170 1407 5225 eeal-

265 5256 314 5308 tus
332 5250 365 5305 N
432 5251 467 5306 24
484 5253 580 5312 mercis
597 5253 641 5323 ll,
660 5254 793 5323 (emi)
861 5253 1074 5313 diffundentibus
1093 5256 1174 5313 ONF

237 5427 241 5432 ,
296 5373 322 5416 u
338 5374 439 5424 na-aaa
461 5374 620 5424 uanam
1335 5361 1372 5417 ts
