3275 6434
544 711 622 732 ΗΔ

231 1450 298 1513 230
627 1447 726 1504 Liber
743 1451 975 1519 quaestionum

234 1640 345 1707 didicit
362 1644 533 1725 praeterae,
552 1641 627 1724 qnia
644 1641 833 1710 christianis
850 1644 913 1710 ianr
931 1644 1026 1710 fectis
1045 1644 1188 1710 occidere
1205 1663 1268 1711 non
1286 1644 1368 1710 licet

233 1747 264 1812 in
288 1745 505 1813 misericordia
527 1746 609 1812 enirn
632 1747 746 1831 positis
769 1749 840 1835 lege
860 1749 940 1815 iuria
963 1748 1079 1816 mundo
1103 1749 1214 1816 crediti
1238 1751 1287 1816 nti
1310 1769 1368 1816 non

232 1853 329 1918 liceat
346 1869 463 1935 aspere.
485 1850 692 1918 illudentem
710 1853 796 1935 qnod
814 1855 887 1920 ante
905 1854 1053 1920 euntibus
1071 1854 1103 1920 tn
1125 1855 1180 1921 nin
1202 1853 1369 1939 discipulis

234 1957 398 2024 mandasse
426 1955 562 2038 uidetur,
590 1962 627 2022 nt
653 1957 732 2024 nibil
760 1958 907 2024 tollerent
934 1960 966 2024 in
995 1960 1059 2036 nis,
1081 1961 1168 2044 pacis
1196 1963 1249 2026 est
1276 1979 1371 2028 canes

235 2068 267 2129 et
294 2063 395 2149 gratia
421 2061 575 2128 uirtutum
603 2067 636 2128 et
668 2063 849 2131 adfabilitee
877 2064 1048 2131 doctrinae.
1076 2065 1152 2148 quid
1181 2066 1267 2131 enim
1291 2084 1403 2150 opnsr

235 2175 303 2236 erat
333 2169 444 2235 tollere
476 2167 597 2252 nliqnid
628 2171 659 2235 in
689 2170 752 2248 nia,
791 2171 907 2254 qnibne
945 2172 1107 2257 signorum
1144 2190 1243 2239 canan
1269 2172 1372 2238 ornnie

235 2275 393 2342 eruenda
419 2278 529 2341 erant?
555 2275 651 2341 adnbi
679 2279 785 2342 antem
812 2279 950 2360 tempus,
979 2296 1042 2360 qno
1070 2296 1105 2343 ee
1127 2276 1193 2361 pati
1215 2277 1372 2361 permisit,

236 2380 373 2458 aduenit,
401 2385 529 2465 propter
555 2382 639 2463 quod
666 2382 730 2447 rina
757 2382 861 2467 magis
885 2383 1004 2448 betinm
1027 2382 1211 2460 inminebat,
1234 2387 1371 2450 amatos

235 2487 326 2553 iubet
356 2505 427 2552 esee
464 2486 648 2570 discipulos,
681 2506 740 2553 non
774 2493 811 2553 nt
842 2492 1032 2574 repugnaret
1059 2489 1114 2572 qni
1139 2490 1207 2573 pati
1234 2488 1372 2565 nolebat,

237 2593 303 2670 ned,
327 2596 364 2658 nt
386 2592 459 2669 dini,
483 2596 517 2658 et
533 2594 711 2678 praescium
734 2613 769 2659 ee
792 2595 888 2661 buius
906 2595 952 2660 rei
976 2600 1008 2659 et
1030 2595 1061 2660 in
1079 2597 1241 2677 potestate
1259 2594 1372 2660 babere
1386 2612 1407 2655 ro

237 2699 415 2785 passionem
453 2717 542 2765 snam
579 2700 768 2775 ostenderet,
802 2701 984 2766 humiliaret
1015 2703 1120 2767 anum
1152 2718 1188 2766 se
1219 2700 1372 2766 bnmsnne

238 2805 351 2873 edictis
375 2823 481 2883 canae,
506 2805 590 2888 qnod
612 2825 671 2871 sno
694 2807 764 2875 loon
788 2807 918 2873 dicetur.

315 3048 379 3116 CV.
404 3047 645 3115 coNUnNuen
667 3049 947 3116 nunnnnnlbnt
971 3051 1062 3118 CUM
1083 3050 1302 3119 Pflorntle.

286 3195 315 3256 1.
341 3189 420 3257 Cum
443 3189 474 3255 in
497 3191 598 3274 primo
622 3192 760 3259 aduentu
784 3190 902 3257 domini
925 3192 1118 3276 praedictum
1138 3193 1191 3270 eit,
1212 3193 1289 3274 qnia
1306 3212 1375 3260 con·

240 3296 457 3363 tenebraretnr
487 3298 536 3363 eol
567 3297 598 3362 in
631 3297 778 3383 passione
816 3297 885 3364 eins
918 3298 1026 3364 endem
1057 3299 1134 3363 bore
1168 3315 1231 3379 qna
1257 3297 1376 3364 iactum
1393 3319 1413 3359 n

242 3402 392 3486 probator·
404 3439 448 3450 -
462 3402 495 3467 id
510 3407 561 3470 eet
577 3404 721 3479 meridie;
742 3404 887 3470 sicorim
906 3404 1058 3488 scripturn
1078 3407 1128 3470 eet
1145 3403 1177 3468 in
1191 3403 1292 3469 Amos
1312 3422 1378 3486 pro·

242 3509 321 3574 tete:
345 3511 383 3574 et
415 3509 487 3573 erit
519 3510 554 3574 in
587 3510 646 3575 die
678 3509 755 3588 itio,
792 3511 886 3576 dicit
918 3509 1103 3584 dominns,
1141 3509 1294 3575 occidet
1323 3514 1378 3578 soi

243 3614 401 3679 meridie
421 3620 458 3679 et
476 3616 793 3681 contenebrescet
815 3634 928 3700 snper
951 3621 1088 3680 terram
1107 3613 1186 3680 diee
1204 3614 1309 3680 tucia
1330 3651 1379 3691 -,

242 3720 299 3785 illo
332 3739 406 3805 ergo
440 3721 489 3786 die
513 3741 531 3786 a
554 3726 641 3787 eante
673 3723 749 3787 bore
780 3721 1021 3788 contenebratus
1054 3725 1104 3787 eet
1134 3721 1184 3786 soi
1212 3739 1316 3804 usqne
1342 3717 1380 3785 ad

244 3827 353 3892 boram
376 3845 489 3892 nonam
520 3830 552 3890 ct
579 3827 623 3892 ito
646 3827 803 3909 complete
826 3832 877 3891 cet
903 3826 1037 3910 profetia
1072 3845 1167 3910 snpra
1203 3824 1281 3892 dicti
1313 3842 1380 3909 pro
1396 3847 1421 3889 n

244 3936 336 3997 ictae.
367 3932 473 4018 imago
507 3933 589 3999 eninr
621 3933 715 3998 liniue
748 3933 802 4010 rei,
836 3950 917 4015 qnae
944 3932 1052 3998 intnra
1088 3935 1139 3997 est
1175 3932 1206 3997 in
1244 3932 1382 3998 adnentn

245 4038 362 4103 domini
387 4037 535 4112 secundo,
560 4038 591 4102 in
615 4036 761 4121 passione
786 4036 904 4102 domini
928 4039 979 4101 eet
1000 4040 1140 4112 ostansa,
1163 4035 1239 4117 quia
1259 4035 1291 4099 in
1311 4034 1382 4112 tine,

245 4163 318 4210 cnm
341 4144 481 4228 eoeperit
503 4143 648 4209 dominns
671 4141 818 4207 adnnenire
841 4146 879 4206 nt
899 4140 1019 4207 indicet
1036 4141 1199 4218 mnndnnn,
1218 4141 1384 4207 abluentur

245 4249 413 4314 luminaria
444 4249 483 4314 nb
516 4248 619 4315 officio
648 4267 705 4314 sno
733 4247 856 4314 dicente
885 4247 1028 4313 domino:
1062 4248 1097 4313 in
1130 4247 1211 4312 illis
1249 4245 1383 4312 diebne

336 4426 368 4478 1?
388 4425 448 4478 Διιι.
466 4425 492 4490 8,
512 4425 527 4475 9
581 4424 616 4475 24
635 4421 733 4475 nictit.
751 4423 794 4484 24,
813 4423 848 4474 '39

285 4529 386 4585 idicit
402 4530 438 4583 M
453 4534 557 4594 teras),
573 4526 650 4582 GNX
686 4526 788 4580 ‘diteris
806 4527 854 4589 (ria
871 4526 901 4578 ier
921 4525 1029 4591 rosio
1081 4522 1183 4579 credidi
1198 4523 1250 4578 CX
1285 4524 1386 4578 {ilicet

247 4620 275 4671 Ρ
344 4619 414 4671 niern
435 4618 460 4670 Ρ
531 4615 656 4684 discipnii
674 4615 702 4667 Ρ
753 4614 919 4668 ttoliersnt
936 4616 1030 4681 (corr.)
1050 4613 1080 4664 N
1129 4610 1314 4667 badabiliiss
1331 4611 1386 4664 PG

248 4708 354 4761 buison
372 4707 410 4773 (tn
430 4709 510 4771 aaa.)
529 4703 564 4757 Μ
600 4702 728 4758 intubi
748 4700 921 4757 PGsdbnbi
942 4701 970 4753 λ’
1022 4717 1089 4772 quoa
1107 4700 1241 4767 coemit*
1291 4697 1385 4753 etet·

248 4795 303 4847 torn
323 4799 403 4856 (corr.
418 4810 451 4845 en.
466 4808 517 4846 rec.
536 4789 620 4858 betto)
633 4791 669 4843 Μ
725 4793 741 4844 9
756 4805 815 4843 esec
830 4803 881 4843 nse.
898 4789 951 4843 GA
1020 4789 1053 4842 10
1066 4790 1096 4842 et
1108 4787 1166 4855 pt]
1184 4802 1252 4840 neas
1270 4789 1303 4839 nt
1318 4787 1385 4839 scri·

249 4879 386 4935 brendam?
456 4879 591 4948 praetium
609 4879 645 4932 M
714 4880 877 4948 pontestats
896 4876 925 4928 λ’
1005 4876 1038 4929 le
1056 4874 1210 4929 conuenire·
1227 4872 1258 4924 X
1325 4888 1384 4926 curn

249 4977 275 5032 (n
293 4969 325 5022 isc
344 4972 410 5032 rus.)
430 4967 465 5020 M
546 4966 679 5037 propbeta
696 4963 786 5019 m
803 4963 991 5034 proptretiptv
1065 4963 1099 5016 14
1116 4961 1162 5031 qui
1183 4963 1207 5014 C
1279 4960 1314 5015 15
1331 4975 1387 5030 que

248 5055 325 5122 (cdd.
343 5071 365 5109 e.
385 5055 403 5109 t.
421 5072 456 5109 m.
474 5071 525 5107 rec,
544 5068 639 5124 pessus
657 5055 709 5120 eet)
727 5051 764 5105 Μ
804 5052 837 5105 l'i
855 5050 903 5104 illo
922 5049 967 5103 die
986 5050 1013 5104 P
1028 5048 1077 5103 ilis
1094 5046 1140 5102 die
1159 5046 1274 5104 avete
1291 5047 1342 5102 ilie
1358 5045 1386 5099 „t

249 5142 355 5197 occidet
372 5142 432 5195 MC
447 5140 547 5195 occidit
564 5145 612 5194 cst.
682 5139 724 5193 eol
741 5155 793 5193 om.
812 5138 841 5190 Ν
888 5139 920 5191 18
938 5135 1153 5191 contenebrescit
1170 5135 1248 5191 codd.
1289 5135 1326 5189 20
1343 5138 1384 5188 eet

249 5248 300 5285 ore.
322 5230 345 5283 X
417 5229 491 5284 dicta
509 5229 535 5282 P
595 5229 627 5282 21
648 5228 766 5293 innnrngo
783 5226 817 5279 Μ
889 5226 959 5279 eninr
978 5239 1029 5279 orn.
1050 5223 1130 5277 t-'NX
1191 5223 1227 5276 28
1244 5237 1305 5277 cnm
1323 5236 1382 5275 coc·

251 5319 329 5387 perit]
349 5335 397 5371 corr
416 5317 535 5387 caeperit
553 5316 590 5369 Μ
