3275 6434
1260 1442 1424 1516 Gap.
1457 1442 1954 1502 Lxxm-Lxxv
1988 1445 2044 1502 5.
2674 1452 2805 1518 469

513 1639 658 1702 tum
707 1636 1117 1703 obser-natent
1162 1639 1229 1701 et
1271 1636 1655 1714 neomenias,
1704 1636 2132 1705 discernerent
2176 1657 2375 1718 escas,
2421 1641 2589 1708 circa
2632 1662 2810 1709 mnn-

515 1740 727 1808 danda
768 1759 927 1808 uasa
969 1745 1182 1808 essent
1224 1741 1505 1820 solliciti,
1543 1746 1611 1808 et
1646 1747 1873 1822 cetera,
1920 1762 2081 1828 quae
2126 1747 2528 1813 continentur
2563 1748 2627 1813 in
2665 1748 2809 1834 lege

515 1848 713 1915 huin·
756 1847 930 1915 modi
973 1883 1085 1924 —‚
1131 1848 1295 1915 hanc
1339 1867 1487 1934 ergo
1532 1849 1741 1935 legem
1791 1849 1947 1916 dicit
1981 1851 2137 1916 iram
2178 1852 2441 1936 operari.
2479 1857 2811 1938 propterea

518 1955 691 2021 enim
741 1955 905 2022 irato
972 1955 1088 2021 deo
1147 1953 1367 2021 addita
1429 1958 1583 2022 sunt
1644 1956 1819 2036 haee,
1883 1959 1958 2022 ut
2010 1957 2183 2023 oneri
2239 1962 2459 2025 essent
2510 1959 2810 2043 perfidiae

449 2077 483 2122 a
518 2059 932 2139 Indaeorum3
991 2061 1070 2127 de
1113 2060 1313 2126 tantis
1360 2059 1527 2126 enim
1572 2079 1837 2127 necesse
1885 2065 1986 2129 est
2028 2067 2104 2129 nt
2146 2063 2387 2148 aliquid
2435 2069 2810 2149 praetereat.

521 2167 688 2235 unde
767 2167 1101 2253 apostolus
1173 2168 1434 2234 Petms:
1517 2166 1718 2251 quid,
1791 2167 2046 2251 inquit‚·
2094 2169 2473 2254 inponitis
2552 2172 2805 2257 iugum

523 2292 751 2356 super
813 2273 1187 2339 cornicem
1250 2271 1588 2349 fratrum,
1665 2273 1860 2357 quod
1932 2293 2173 2357 neque
2245 2280 2504 2359 patres
2568 2277 2809 2343 nostri

522 2397 764 2465 neque
835 2398 968 2446 noa
1040 2379 1427 2463 potuimus
1499 2380 1844 2463 portare?
1917 2380 2187 2464 denique
2261 2381 2419 2448 dicit
2481 2381 2638 2448 deus
2702 2402 2813 2467 por

522 2485 911 2553 Hieremiam
976 2486 1377 2569 prophetam:
1443 2485 1615 2550 dedi
1679 2484 1842 2551 illis
1914 2492 2320 2572 praecepta
2392 2507 2529 2553 non
2607 2489 2813 2555 bona.

430 2605 487 2651 ιο
523 2597 676 2678 post
718 2592 1098 2659 offensiones
1146 2591 1311 2656 enim
1359 2590 1596 2657 multas
1633 2594 1699 2657 et
1731 2593 2183 2674 temptationes
2221 2594 2285 2659 in
2326 2593 2514 2660 deum
2561 2599 2628 2659 et
2671 2613 2813 2661 con·

523 2698 824 2765 tumelias
871 2698 1074 2764 factas
1117 2697 1330 2781 Moysi
1378 2700 1443 2763 et
1487 2696 1911 2769 detractiones
1957 2698 2158 2763 factas
2205 2699 2281 2764 de
2319 2700 2437 2765 deo
2475 2701 2631 2765 haec
2666 2700 2816 2766 data

527 2808 698 2879 sunt.
743 2822 905 2889 quae
951 2803 1381 2877 obseruarent.
1426 2805 1502 2868 ut
1545 2805 1941 2886 premeretur
1995 2803 2151 2869 dura
2205 2805 2416 2871 ceruix
2464 2823 2678 2872 eorum
2728 2811 2813 2871 et.

527 2929 933 2996 quocumque
968 2928 1040 2976 se
1075 2912 1417 2984 uerterent,
1461 2908 1671 2994 legem
1718 2908 2043 2986 haberent,
2090 2913 2166 2976 ut
2208 2910 2454 2977 nullum
2504 2911 2599 2977 eis
2645 2915 2819 2977 esset

525 3017 948 3104 refrigerium.

433 3135 493 3181 ιδ
619 3126 680 3190 3.
732 3122 822 3190 Ut
865 3141 1015 3206 ergo
1063 3122 1142 3188 ab
1197 3122 1316 3188 hac
1370 3120 1519 3188 illos
1572 3122 1718 3208 lege
1770 3122 2026 3189 tolleret
2079 3123 2442 3207 apostolus:
2490 3123 2640 3200 ubi,
2697 3124 2809 3198 ait,

530 3248 670 3297 non
720 3233 838 3298 est
880 3229 1016 3311 lex,
1059 3246 1193 3295 nec
1238 3229 1820 3313 praeuaricatio,
1870 3233 1946 3295 ut
1989 3230 2196 3295 securi
2244 3249 2356 3313 per
2392 3229 2811 3313 conpendium

508 3336 782 3422 ‚possint
808 3335 926 3402 deo
954 3335 1194 3401 seruire
1229 3334 1618 3419 spiritaliter,
1655 3335 1868 3419 ‘quia’.
1905 3334 2135 3417 inquit,
2169 3335 2414 3421 ‘legem
2437 3334 2816 3401 Iudaeorum

530 3441 859 3509 seruantes
905 3460 1166 3509 necesse
1212 3446 1315 3509 est
1357 3445 1433 3506 nt
1475 3440 1954 3525 praenaricetis3
2003 3443 2180 3507 tanta
2226 3440 2392 3507 enim
2439 3445 2592 3508 aunt
2642 3460 2818 3525 prae·

531 3555 738 3633 cepta.
786 3566 949 3633 quae
991 3548 1245 3632 impleri
1288 3547 1666 3632 inpossibile
1712 3552 1851 3614 est’.

434 3667 498 3711 ω
623 3659 685 3722 4.
712 3643 877 3721 Nam
907 3673 1033 3738 quo
1060 3653 1251 3722 modo
1281 3654 1359 3720 de
1389 3655 1516 3720 ista
1541 3654 1686 3740 lege
1724 3652 1981 3732 diceret,
2012 3671 2174 3736 quae
2211 3653 2519 3718 naturalis
2558 3655 2701 3718 est?
2729 3689 2819 3700 -

533 3781 725 3845 quam
763 3763 1021 3846 Moyses
1057 3761 1202 3826 ideo
1239 3760 1518 3845 scripsit,
1548 3762 1624 3825 ut
1658 3759 2107 3826 auctoritatem
2143 3758 2321 3825 illins
2357 3757 2659 3834 firmaret,
2697 3777 2816 3824 non

534 3868 685 3951 quia
713 3873 858 3934 ante
884 3886 1008 3935 non
1032 3871 1188 3946 erat,
1209 3886 1356 3933 cnm
1374 3867 1668 3953 legamus
1687 3866 2079 3932 uindicatum
2102 3884 2243 3933 esse
2264 3869 2408 3933 ante
2425 3865 2690 3950 Moysen
2712 3903 2820 3948 -‚

535 3973 651 4039 sed
695 3977 772 4039 ut
816 3977 1154 4059 exponeret
1196 3973 1516 4040 Romanos
1563 3990 1685 4038 non
1735 3971 1963 4038 debere
2020 3973 2240 4038 uiuere
2296 3971 2424 4036 iam
2480 3972 2601 4037 sub
2658 3973 2820 4056 lego,

536 4099 697 4164 quos
743 4080 866 4146 sub
910 4080 1054 4166 lege
1100 4098 1286 4165 agere
1333 4078 1729 4163 expediebat3
1776 4096 1895 4143 non
1945 4077 2131 4144 aliter
2165 4076 2333 4143 enim
2377 4081 2644 4160 possent
2689 4095 2815 4140 ser·

437 4197 500 4243 τῦ
536 4204 691 4253 nare
733 4186 1072 4253 iustitiam.
1122 4185 1393 4269 denique
1438 4183 1596 4251 dicit
1635 4182 1720 4249 ad
1765 4202 1905 4251 eos:
1951 4184 2071 4249 uis
2119 4203 2260 4250 non
2304 4183 2573 4248 timere
2619 4188 2821 4266 pote-

538 4297 860 4359 statem?
931 4292 1206 4359 bonum
1278 4291 1399 4357 fac
1469 4288 1570 4357 et:
1646 4289 1775 4372 qui
1849 4290 2362 4368 contemnunt,
2450 4288 2599 4372 ipsi
2672 4287 2821 4353 sibi

537 4398 1092 4465 damnationem
1139 4397 1571 4482 adquirunt.

630 4506 690 4573 5.
741 4503 1104 4589 Spiritalem
1164 4522 1314 4588 ergo
1369 4503 1529 4568 hanc
1584 4501 1795 4589 legem
1845 4500 2020 4579 dicit,
2069 4519 2259 4584 qnam
2306 4504 2372 4567 et
2417 4502 2701 4566 sanctam
2756 4506 2823 4565 et

718 4750 753 4805 8
791 4747 860 4804 cs.
897 4748 1052 4802 Rom.
1086 4749 1141 4816 4,
1180 4747 1247 4803 15
1382 4747 1417 4801 6
1452 4746 1574 4800 Act.
1613 4745 1700 4814 15,
1741 4745 1808 4798 10
1940 4744 1975 4798 9
2012 4741 2206 4797 Erech.
2244 4741 2331 4811 20,
2367 4742 2437 4796 25
2567 4743 2632 4796 15
2671 4741 2822 4800 Rom.

537 4840 591 4903 4,
631 4840 698 4894 15
806 4837 878 4892 22
916 4836 983 4893 cs.
1024 4835 1157 4892 Gen.
1197 4837 1247 4901 7,
1286 4835 1372 4889 21.
1414 4836 1498 4899 19,
1535 4834 1605 4888 24
1644 4849 1762 4903 sqq.
1861 4833 1932 4887 25
1958 4832 2114 4888 Rom.
2146 4832 2232 4900 13,
2260 4830 2293 4885 3
2390 4830 2460 4884 26
2488 4829 2642 4884 Rom.
2678 4831 2757 4894 13,
2787 4830 2824 4883 2

538 4929 611 4983 28
652 4926 719 4983 cs.
757 4926 913 4984 Rom.
953 4928 1004 4995 7,
1045 4926 1129 4981 14.
1169 4924 1236 4980 12

614 5052 642 5106 1
684 5056 744 5106 et
775 5066 879 5106 one.
916 5066 955 5104 a
1131 5047 1425 5103 munienda
1458 5047 1519 5102 D
1659 5045 1695 5100 8
1732 5061 1953 5116 operare
1982 5043 2043 5099 D
2213 5043 2279 5098 10
2315 5041 2455 5097 enirn
2493 5039 2820 5095 offen-ione·

538 5140 643 5196 Ka
764 5139 825 5194 11
875 5136 1049 5192 iactu
1086 5135 1186 5192 alt.
1223 5152 1325 5192 om.
1372 5135 1473 5190 Ka
1619 5135 1686 5189 13
1731 5137 2030 5188 conuerter‘
2159 5129 2249 5185 Ka
2394 5130 2459 5184 15
2506 5128 2598 5182 ubi
2644 5143 2748 5182 ono.
2786 5143 2826 5180 a

539 5229 607 5284 21
651 5227 837 5298 qnam]
872 5243 995 5281 nam
1032 5224 1132 5281 Ka
1274 5225 1346 5280 23
1381 5223 1618 5279 romanie
1653 5222 1755 5278 Ka
1896 5222 1966 5276 24
2003 5237 2036 5274 ι.
2166 5217 2240 5272 ζα
2399 5219 2587 5286 ponet
2620 5215 2827 5271 seruari

539 5317 759 5374 institia
793 5333 832 5371 a
