3275 6434
243 980 308 1046 330
643 976 745 1033 Liber
762 978 989 1046 quaestionum

242 1177 380 1257 entique
403 1171 486 1250 uult,
509 1171 698 1255 praecipitet
719 1191 804 1250 eum,
827 1170 914 1242 eicnt
935 1179 1036 1256 equus
1054 1171 1200 1245 tenerur
1223 1170 1388 1257 neciegen·

241 1282 306 1344 tem
330 1295 497 1345 aeriorem.
520 1280 554 1343 et
575 1277 650 1360 quie
672 1277 813 1360 corporie
836 1276 944 1342 feruor
964 1274 1038 1362 plue
1066 1274 1243 1353 audant
1267 1277 1387 1362 egenti·

242 1382 302 1449 bne
332 1382 471 1452 inimicis
499 1382 540 1449 ad
566 1382 783 1468 deceptionem
811 1381 945 1461 mimae,
972 1382 1048 1467 quia
1074 1399 1139 1448 non
1161 1400 1278 1466 corpur
1306 1382 1387 1449 deei-

242 1488 341 1567 derat,
372 1487 429 1554 red
460 1489 565 1557 colore
596 1506 656 1553 eno
689 1492 819 1574 generat
850 1488 974 1554 animae
1005 1487 1172 1565 deeidena,
1204 1487 1258 1555 dei
1287 1489 1385 1557 noatrr'

242 1595 336 1664 tuitio
350 1593 548 1678 imploranda
562 1596 613 1660 eet
625 1593 665 1659 ad
678 1595 826 1671 tutelam,
841 1597 878 1659 ut
891 1592 1057 1678 prohibeat
1070 1611 1125 1659 eoe
1137 1628 1184 1642 -
1197 1593 1295 1677 quia
1312 1613 1384 1661 nor
1410 1614 1424 1661 ι

244 1699 447 1767 eatnobie
470 1698 731 1771 conluctatio
755 1698 954 1764 eduereue
978 1716 1137 1766 carnem
1160 1700 1386 1787 eteengni·

242 1826 338 1880 nem,
353 1805 424 1871 aed
443 1804 871 1889 eduereneprincipea
891 1807 931 1871 et
948 1807 1184 1888 petertetee
1199 1841 1255 1883 -‚
1269 1805 1385 1890 quibua

239 1911 356 1977 amotis
377 1910 470 1976 facile
489 1910 550 1977 erit
563 1911 666 1979 carnii
685 1912 719 1976 et
735 1910 900 1995 eanguinie
919 1915 1043 1976 motum
1062 1910 1270 1994 conprimere.
1289 1912 1386 1977 extin-

240 2017 351 2102 guitur
373 2016 455 2081 enim
478 2014 671 2094 incendium,
691 2014 720 2082 ei
738 2014 823 2081 deeit
844 2015 979 2083 materia
1000 2034 1056 2099 per
1078 2034 1173 2098 quam
1196 2017 1299 2089 uiuat

284 2122 336 2186 38.
373 2121 442 2186 lilio
479 2124 587 2186 autem
619 2120 772 2185 eueniunt
803 2137 884 2204 quae
912 2139 931 2185 a
957 2119 1192 2186 mathematicis
1225 2119 1420 2199 dicuntum

240 2229 296 2313 qui
318 2227 451 2293 credunt
473 2227 616 2293 futurum
641 2225 727 2309 quod
751 2225 871 2292 dicunt.
899 2224 933 2292 id
961 2225 1045 2291 enim
1072 2223 1178 2311 agitur
1205 2225 1385 2296 subtilitate

239 2334 471 2409 demoniorum,
497 2337 537 2413 ut
561 2351 599 2398 ee
621 2331 775 2410 eiiiciant⁸¹
799 2350 880 2414 quae
903 2332 1070 2417 autentitee
1093 2330 1224 2403 iliorum
1252 2332 1386 2401 dixerint

238 2441 357 2517 future,
375 2458 415 2504 ne
432 2437 510 2505 talei
528 2438 647 2505 detecti
665 2437 844 2521 prodantur.
867 2438 951 2504 circe
969 2457 1024 2511 eos
1042 2457 1130 2517 uero,
1148 2438 1204 2522 qui
1222 2441 1383 2524 rerponeir

238 2545 367 2612 illorum
391 2563 452 2610 non
477 2541 680 2611 commodant
705 2542 810 2620 iidem,
833 2561 894 2609 non
918 2543 1083 2626 praeualet
1104 2543 1239 2610 effectus
1252 2563 1381 2622 eornm,

238 2651 314 2734 quia
328 2647 523 2732 nequeipei
545 2648 743 2715 tam-intenti
767 2650 852 2726 eunt,
876 2650 914 2714 ut
936 2647 1135 2714 eatiefwiant
1156 2649 1214 2727 eie,
1237 2648 1294 2733 qui
1316 2649 1416 2716 illiru

237 2754 467 2832 nonqcredunt
495 2772 597 2836 neque
624 2754 746 2837 patitur
773 2752 853 2818 deur
879 2754 982 2819 facere
1004 2753 1078 2821 iiior
1101 2773 1159 2838 per
1179 2755 1266 2841 quod
1289 2755 1380 2821 aedo·

238 2866 350 2928 cantur
371 2859 505 2930 fidentes
529 2859 649 2925 dedeo
675 2863 708 2929 et
734 2878 794 2926 non
820 2860 983 2926 credentes
1007 2859 1144 2926 diabolo.
1167 2861 1276 2928 omnia·
1298 2862 1379 2928 enim

238 2968 285 3034 eic
308 2966 386 3034 deur
409 2964 586 3037 conetituit,
605 2968 643 3029 ut
660 2964 834 3031 secundum
854 2965 948 3031 unius
967 2966 1123 3048 cuiusque
1140 2965 1235 3031 fidem
1254 2967 1380 3034 eueniet

238 3074 277 3147 ei.
306 3076 344 3137 ut
371 3069 534 3136 arbitrium
563 3069 699 3136 liberum
723 3073 854 3136 maneat.
876 3071 1062 3136 uoluntatis.
1088 3090 1126 3137 ac
1152 3091 1208 3155 per
1236 3073 1297 3138 hoc
1326 3073 1378 3155 qui

238 3178 296 3243 deo
325 3175 425 3241 credit
447 3175 487 3241 ed
509 3175 662 3249 auxilium
685 3176 754 3242 eius
777 3176 974 3261 confugiens,
997 3177 1077 3242 nihil
1100 3177 1130 3242 ei
1151 3178 1270 3259 poterit
1292 3196 1377 3262 prae·
1391 3195 1416 3242 ao

236 3284 358 3355 ualere;
383 3285 488 3347 certue
511 3286 563 3347 eet
585 3282 668 3346 enim
692 3282 724 3345 in
748 3285 907 3364 potestate
931 3282 999 3346 eius
1023 3301 1104 3360 eree,
1129 3302 1210 3366 quae
1233 3284 1321 3363 iecit.
1348 3290 1379 3351 et

235 3406 295 3456 non
320 3388 434 3456 audere
457 3392 672 3467 ceutronum,
694 3406 788 3470 quem
812 3387 903 3459 uidet
924 3387 1018 3452 deum
1042 3406 1241 3456 communem
1264 3391 1379 3461 habere

234 3494 419 3577 propitium.

279 3601 330 3665 39.
355 3598 447 3666 Certe
470 3600 548 3665 deue
572 3600 649 3665 iecit
671 3600 823 3664 mundum
848 3606 881 3666 et
903 3601 1005 3666 aolern
1025 3605 1058 3675 et
1080 3602 1188 3666 lunam
1209 3608 1242 3669 et
1266 3605 1378 3671 atellae

234 3705 357 3772 creauit
378 3706 575 3771 constituens
594 3706 640 3770 eie
660 3724 783 3783 oureus,
804 3707 921 3789 quibus
940 3709 1134 3792 gubernetur
1151 3728 1254 3792 genoe
1277 3711 1378 3776 homi·
1391 3728 1417 3775 a

234 3829 320 3879 num.
333 3810 487 3892 numquid
501 3829 560 3876 nen
576 3809 673 3876 hebet
684 3815 876 3893 potestatem
895 3813 1048 3895 imperare
1066 3813 1144 3892 illie,
1159 3815 1377 3897 utaliquando

235 3916 320 3981 aliud
343 3916 471 3992 faciant,
495 3936 589 3999 quam
618 3916 780 3982 decretum
808 3918 946 3982 hebent?
975 3919 1022 3983 sic
1050 3920 1133 3983 enim
1161 3938 1198 3984 ee
1226 3921 1377 3996 condidit,

234 4026 272 4086 nt
294 4023 453 4087 uoluntati
482 4022 550 4087 eius
581 4024 766 4089 subiaceant
789 4028 822 4088 et
844 4028 919 4089 tunc
944 4024 1071 4089 demum
1095 4044 1216 4091 oureus.
1233 4026 1377 4092 decretos

324 4211 427 4282 5pr.
447 4214 472 4276 d,
494 4211 527 4266 12

272 4315 377 4391 lqnod
395 4315 433 4371 Μ
515 4318 648 4387 praecipit
664 4317 719 4373 Nx
801 4321 872 4388 enrn]
892 4319 959 4373 illud
978 4320 1006 4374 P
1095 4322 1224 4392 diuitio]
1243 4325 1333 4377 nirtur
1349 4323 1378 4378 P

234 4393 313 4460 docio
334 4403 447 4460 Otntio
465 4405 549 4462 NFB
620 4407 739 4462 tutillam
760 4407 927 4463 Gtutelicm
946 4408 975 4462 X
1027 4410 1135 4464 tuinit
1155 4410 1209 4466 ΟΔ
1264 4411 1298 4466 la
1317 4412 1376 4468 rid·

235 4495 308 4549 cient
325 4493 360 4559 P,
378 4496 458 4562 (corr.
476 4497 535 4563 md)
551 4495 582 4550 F
635 4497 667 4551 15
686 4496 738 4566 ipri
757 4499 826 4566 torn]
843 4502 935 4551 temen
953 4499 1007 4552 eibi
1027 4498 1053 4552 θ
1070 4504 1162 4554 nmen
1182 4500 1236 4569 ipri
1254 4505 1299 4567 (ru
1316 4517 1374 4570 ap.

234 4588 259 4636 et
276 4583 359 4653 σιω.)
377 4584 404 4637 Δ
495 4584 552 4652 qui]
571 4584 675 4654 quiet)
735 4585 771 4641 dt)
788 4585 937 4656 coniugem
958 4586 1065 4647 CNFG
1136 4586 1169 4641 21
1190 4589 1219 4642 in
1237 4603 1291 4643 οιιι.
1310 4588 1378 4651 Ρ,0

234 4669 312 4737 (odd.
325 4672 386 4738 md)
419 4669 602 4727 aaeudrreo
655 4673 753 4729 audere
769 4675 1030 4742 <eontrarium>(=
1045 4675 1375 4745 diabolum)contraeuro

233 4760 305 4816 coni.
324 4759 507 4828 Enqeidreett
598 4761 683 4832 uidet]
702 4761 751 4817 det
767 4765 849 4830 (corr.
865 4762 967 4830 m2)0
1041 4779 1181 4821 commune
1195 4765 1226 4821 X
1274 4766 1309 4822 25
1327 4768 1374 4821 hu·

233 4863 341 4902 manum
358 4847 409 4902 CX
460 4848 496 4903 dd
513 4866 567 4904 non
585 4850 671 4905 hebet
687 4867 731 4904 oei
754 4851 785 4905 X
837 4852 871 4906 28
890 4853 1084 4909 uoluntatirO
