3275 6434
1310 1454 1459 1527 οη».
1497 1454 1744 1514 cxxvn
1779 1455 2015 1514 se-ss.
2667 1461 2798 1528 413

516 1653 893 1735 sequeretur
937 1669 1082 1716 eum
1129 1648 1366 1717 laboris
1403 1650 1696 1727 effectum
1734 1648 1927 1716 ndubi
1972 1653 2183 1716 autem
2229 1651 2474 1735 spreuit
2515 1669 2802 1737 praecep-

516 1761 661 1822 tum
732 1755 834 1822 dei
904 1752 1135 1821 melius
1208 1755 1330 1821 sibi
1402 1754 1723 1838 procurari
1796 1755 2053 1821 credens
2134 1755 2399 1822 consilio
2482 1757 2795 1842 serpentis

520 1877 712 1945 quam
767 1861 1006 1928 feceret
1058 1860 1235 1941 deus,
1290 1859 1370 1926 nd
1413 1860 1784 1927 institutum
1829 1860 2167 1945 pristinum
2211 1865 2616 1928 reuocaretur
2658 1880 2805 1932 oum

519 1965 759 2033 laboris
788 1965 1139 2050 dispendio,
1168 1968 1242 2031 ut
1270 1968 1438 2033 terra
1464 1965 1524 2031 ei
1550 1964 1899 2032 secundum
1937 1965 2216 2032 laborem
2254 1966 2513 2032 minime
2548 1985 2804 2050 respon·

449 2090 483 2134 ο
522 2071 703 2138 deret
758 2071 1101 2138 maledicte
1150 2089 1272 2138 non
1318 2069 1465 2149 sibi,
1522 2069 1633 2136 sed
1691 2070 1988 2155 operibus
2044 2070 2202 2152 eius,
2257 2075 2322 2138 et
2368 2071 2806 2140 ostenderetur

519 2178 924 2264 propositum
961 2176 1063 2243 dei
1099 2176 1386 2244 subuerti
1422 2194 1544 2242 non
1590 2194 1780 2261 posse
1824 2193 2030 2260 neque
2074 2176 2304 2243 melius
2348 2196 2538 2261 posse
2581 2197 2801 2264 quem-

521 2300 713 2367 quem
758 2281 1089 2367 prouidere
1135 2301 1324 2365 quum
1368 2280 1576 2348 deum.
1620 2299 1806 2348 nemo
1851 2281 2017 2348 enim
2072 2284 2285 2368 potest
2329 2283 2590 2350 alteriue
2640 2302 2802 2371 opus

521 2389 670 2473 plus
716 2387 1000 2473 diligere,
1048 2405 1237 2471 quam
1264 2385 1402 2468 ipse
1431 2385 1542 2469 qui
1567 2386 1740 2464 fecit,
1779 2384 2027 2452 dicente
2053 2388 2363 2483 apostolo,
2392 2388 2542 2473 quin
2565 2407 2799 2469 nemo,

518 2493 754 2578 inquit,
801 2511 1091 2559 carnem
1145 2511 1353 2559 sunm
1415 2490 1584 2558 odio
1643 2491 1892 2569 habet,
1964 2491 2094 2559 sed
2157 2494 2410 2559 nutrit
2460 2499 2538 2561 et
2587 2495 2805 2564 fouet

431 2618 487 2662 ιο
525 2617 705 2677 enm,
753 2598 961 2665 sicut
1001 2602 1078 2665 et
1122 2595 1476 2668 Christus
1524 2595 1953 2664 ecclesiam.

612 2705 718 2770 32.
782 2702 1128 2772 Uidenmus
1189 2721 1355 2768 nunc
1416 2701 1750 2786 sequentia
1807 2703 1992 2788 legis,
2056 2722 2133 2769 un
2196 2703 2577 2787 concordent
2648 2725 2796 2779 cum

520 2808 725 2875 initiis
762 2808 922 2875 eius.
957 2807 1277 2875 Abraham
1314 2826 1458 2874 cum
1493 2808 1847 2892 placuisset
1884 2808 2022 2888 deo,
2058 2809 2221 2875 inter
2256 2816 2483 2890 cetere,
2521 2828 2683 2894 quae
2718 2812 2799 2878 ed

521 2913 1092 2982 remunerationem
1137 2912 1286 2979 fidei
1331 2913 1470 2980 eius
1514 2912 1852 2998 pertinent,
1898 2933 2043 2981 cum
2097 2914 2308 2981 senior
2359 2920 2551 2996 esset,
2606 2917 2799 2984 etium

521 3019 726 3086 filium
772 3037 1071 3106 generare
1116 3018 1347 3104 dignus
1391 3024 1494 3085 est
1535 3019 1873 3087 iudicatus.
1919 3038 2043 3103 quo
2087 3019 2274 3087 modo
2320 3040 2472 3108 ergo
2516 3025 2801 3091 accusari

435 3147 487 3191 ιο
522 3128 743 3210 potest
765 3123 937 3209 quod
959 3143 1076 3210 pro
1099 3123 1328 3191 merito
1356 3123 1627 3192 cessisse
1654 3123 1930 3208 uidetur,
1956 3128 2053 3203 ut,
2081 3126 2231 3208 quia
2262 3126 2404 3211 ipse
2437 3125 2542 3199 dei
2578 3129 2803 3195 uolun-

519 3234 723 3297 tatem
775 3231 1030 3311 feceret,
1084 3228 1244 3297 (leus
1297 3230 1693 3297 uoluntatem
1750 3230 1888 3297 eius
1943 3230 2276 3317 impleret?
2330 3251 2490 3317 quae
2542 3234 2802 3302 minime

521 3336 759 3403 fuisset
818 3335 1102 3420 impleta,
1159 3334 1281 3401 nisi
1333 3334 1585 3402 innoxia
1647 3339 1840 3414 esset,
1897 3355 2011 3403 nec
2065 3337 2222 3405 deus
2275 3338 2570 3422 impleret
2629 3338 2799 3423 quod

520 3441 690 3508 male
719 3443 827 3509 uel
850 3441 1120 3525 inperite
1147 3441 1326 3525 posci
1352 3440 1632 3518 uidebat,
1658 3442 1926 3508 maxime
1956 3442 2034 3509 ab
2062 3460 2158 3523 eo,
2186 3443 2296 3526 qui
2332 3443 2457 3510 sibi
2492 3444 2798 3528 placeret:

521 3550 646 3623 hoc
690 3547 860 3615 enim
901 3566 1019 3615 nec
1062 3546 1302 3614 homini
1346 3548 1661 3616 conuenit.
1706 3552 1773 3614 et
1815 3549 2013 3627 Anne,
2060 3567 2206 3614 cum
2253 3549 2489 3617 sterilis
2526 3555 2702 3618 esset
2738 3555 2804 3617 et

431 3673 493 3719 su
527 3654 719 3720 deum
783 3651 1096 3739 diligeret,
1160 3654 1326 3745 petit
1378 3657 1450 3720 ut
1505 3653 1766 3719 heberet
1818 3653 2019 3719 filium
2074 3658 2141 3720 et
2193 3656 2457 3741 accepit.
2521 3656 2690 3740 quod
2745 3657 2803 3722 si

526 3759 909 3826 contrarium
957 3763 1152 3839 esset,
1197 3759 1438 3825 moneri
1480 3758 1696 3844 potuit
1740 3759 1819 3825 ab
1856 3778 1931 3826 eo
1968 3779 2154 3844 quem
2193 3759 2519 3847 diligebat,
2555 3781 2633 3829 ne
2667 3781 2799 3828 rem

523 3863 881 3948 postularet
942 3864 1293 3931 aduersam.
1357 3870 1424 3932 et
1484 3867 1674 3931 nutus
1737 3883 1810 3930 ex
1868 3882 1945 3931 ee
1999 3867 2437 3934 sanctissimus
2500 3866 2805 3941 Samuhel

525 3969 695 4036 filios
742 3969 964 4055 genuit
1007 3973 1072 4035 et
1116 3990 1238 4037 non
1283 3973 1492 4036 tamen
1543 3970 1830 4038 iustitiae
1876 3989 2028 4037 suae
2062 3973 2289 4038 merite
2321 3972 2568 4039 minuit.
2602 3974 2808 4058 prime

529 4076 699 4143 enim
735 4079 944 4143 aetate
979 4095 1098 4142 sun
1135 4094 1387 4160 semper
1419 4079 1651 4144 suctus
1686 4081 1808 4156 est,
1845 4080 1917 4143 ut
1951 4077 2015 4142 iu
2054 4081 2386 4145 senectute
2413 4079 2804 4165 propensiori

433 4200 492 4250 ²⁵
528 4181 632 4248 dei
678 4181 1044 4248 testimonio
1082 4181 1578 4249 commendetur.
1615 4187 1683 4250 et
1716 4181 2049 4249 Zacharias
2086 4182 2400 4262 sacerdos,
2437 4183 2539 4250 uir
2570 4183 2804 4263 iustus,

526 4289 592 4354 in
640 4291 975 4354 senectute
1029 4307 1147 4356 sus
1200 4287 1301 4355 dei
1364 4292 1526 4356 nutu
1594 4287 1799 4355 fllium
1864 4288 2105 4375 genuit,
2176 4307 2302 4373 quo
2365 4291 2513 4355 nato
2574 4288 2811 4359 meruit

529 4393 864 4478 profetere.
929 4412 1055 4477 qus
1116 4392 1315 4479 igitur
1377 4395 1619 4461 ratione
1676 4399 2011 4461 accusetur
2053 4393 2224 4479 quod
2269 4392 2527 4459 minime
2582 4393 2805 4458 obesse

710 4652 746 4709 8
779 4651 922 4724 pr.
959 4654 1012 4722 5,
1048 4653 1120 4709 29
1230 4654 1298 4709 14
1332 4654 1404 4711 cs.
1439 4651 1575 4711 Gen.
1614 4654 1701 4719 18,
1741 4653 1826 4712 10.
1862 4653 1951 4716 21.
1988 4654 2023 4708 2
2130 4652 2202 4709 20
2228 4650 2300 4707 cf.
2327 4650 2354 4706 Ι
2380 4650 2514 4722 Res.
2545 4650 2594 4715 1.
2626 4650 2709 4705 11.
2737 4650 2808 4705 20

532 4741 604 4797 23
642 4741 710 4797 ef.
746 4740 775 4795 1
809 4741 944 4812 Reg.
979 4739 1030 4810 8.,
1072 4741 1098 4796 1
1213 4741 1283 4797 26
1322 4739 1389 4796 cs.
1425 4738 1558 4797 Luc.
1597 4743 1652 4806 1.
1684 4742 1773 4799 57.
1811 4742 1881 4796 67
1919 4757 2038 4811 sqq.

429 4881 444 4927 Ἴ

608 4882 633 4936 1
676 4880 841 4938 ndubi
873 4882 1073 4953 sco-ipen·
1108 4887 1168 4937 nt
1202 4882 1297 4937 ubi
1336 4881 1469 4937 ΠΧ
1503 4885 1565 4937 ut
1599 4881 1696 4938 ubi
1723 4881 1774 4936 0
1875 4882 1910 4936 2
1947 4884 2228 4951 serpentes
2264 4882 2451 4946 (corr.)
2485 4876 2534 4933 0
2635 4877 2671 4933 8
2706 4877 2809 4932 eti·

531 4975 714 5025 tutum
750 4968 826 5024 M
975 4972 1012 5026 4
1049 4970 1124 5041 ei]
1158 4970 1238 5025 eis
1274 4968 1350 5024 M
1502 4969 1537 5024 6
1572 4984 1898 5039 quamquem
1940 4967 2048 5023 ΟΧ
2167 4969 2200 5022 7
2238 4967 2417 5038 qum]
2456 4980 2616 5037 quem
2655 4962 2811 5019 GFB

537 5057 787 5112 dominns
817 5057 924 5112 ΟΧ
1097 5056 1133 5112 9
1169 5056 1357 5112 tonost
1386 5055 1436 5113 0
1621 5056 1689 5112 10
1724 5056 1974 5113 eclesiam
2007 5054 2086 5110 Η
2250 5056 2313 5111 u
2354 5051 2681 5110 concordant
2710 5049 2819 5105 CX

539 5144 606 5199 18
644 5158 916 5199 remunem
952 5143 1028 5198 Μ
1093 5144 1161 5199 15
1199 5144 1350 5215 quin]
1390 5144 1483 5215 qui
1523 5141 1627 5198 ΟΧ
1737 5143 1843 5215 ipsi
1885 5142 1933 5197 0
1998 5143 2071 5199 20
2105 5143 2270 5213 petiit
2309 5140 2416 5196 ΟΔ
2531 5139 2732 5209 occipit
2771 5136 2820 5193 G

537 5231 605 5286 21
642 5231 854 5286 muneri
894 5230 942 5285 0
1027 5231 1098 5287 24
1134 5246 1230 5286 sue
1266 5247 1300 5285 ο
1334 5245 1547 5302 semper
1580 5229 1657 5285 M
1765 5231 1846 5300 ut]
1883 5234 1942 5285 et
1981 5228 2089 5285 ΟΔ
2175 5229 2245 5285 26
2280 5228 2475 5300 genuit
2505 5226 2681 5283 filium
2712 5224 2815 5281 CX

535 5318 606 5373 27
648 5317 776 5389 qun]
814 5318 944 5387 quin
977 5317 1050 5372 Μ
