3275 6434
228 1197 292 1263 184
620 1195 721 1251 Liber
739 1197 970 1268 questionum

227 1387 302 1456 icat
324 1389 673 1456 interceteradicens:
692 1407 734 1454 en
753 1389 826 1454 hoc
846 1390 1135 1474 cognoscimus
1154 1391 1372 1476 quindena

227 1494 266 1558 in
288 1494 407 1560 nobis
430 1498 564 1560 manet
590 1496 632 1560 et
649 1494 696 1560 de
716 1493 869 1577 spiritu
889 1514 960 1561 suo
980 1514 1091 1577 quem
1110 1495 1224 1561 dedit
1241 1497 1373 1564 uobis.

229 1600 258 1665 si
280 1619 355 1686 erge
378 1619 435 1684 per
457 1600 605 1685 spiritum
624 1619 718 1666 sunau
737 1601 805 1682 ipse
824 1601 856 1666 in
875 1601 967 1668 nobis
981 1605 1097 1680 manet,
1114 1620 1176 1668 non
1195 1602 1372 1688 ambigitur

228 1706 268 1772 de
291 1706 349 1773 deo
373 1724 443 1772 esse
466 1706 615 1789 spiritum
638 1709 793 1772 sanctum.
816 1712 850 1772 et
871 1726 929 1773 nec
951 1707 1084 1775 dubium
1107 1711 1167 1784 est,
1191 1707 1266 1792 quia
1284 1708 1371 1792 quod

228 1812 350 1878 dedeo
379 1816 430 1878 eat
459 1813 619 1879 deusest
647 1813 721 1878 isinc
748 1817 799 1878 est
825 1812 907 1879 unda
938 1813 1018 1879 dicit
1049 1813 1229 1898 apostoleca
1256 1832 1371 1880 nemo
1400 1825 1416 1870 c

230 1919 313 1984 scit
339 1937 439 2003 qnae
467 1923 563 1985 sunt
593 1919 632 1983 in
660 1917 732 1984 ‹ieo
765 1919 847 1984 nisi
875 1919 1054 2002 spiritns
1082 1918 1155 1986 dei.
1184 1936 1245 2003 quc
1274 1918 1371 1985 modo

229 2027 337 2107 potest
359 2024 441 2091 scine
464 2025 601 2108 quaein
635 2025 694 2090 deo
722 2027 807 2102 sunt,
836 2025 899 2090 nisi
927 2025 971 2091 sit
997 2024 1140 2091 eiusdem
1168 2024 1373 2091 diuinitatis?

229 2129 359 2195 inferior
371 2130 454 2195 enim
467 2133 580 2196 natura
593 2148 655 2196 non
669 2133 778 2214 potent
791 2131 873 2196 scira
891 2130 968 2214 quid
986 2131 1079 2197 sitin
1098 2130 1236 2215 potioress
1251 2133 1371 2213 quanto

230 2235 334 2320 magis
357 2239 501 2303 creatura
523 2236 598 2320 qnid
617 2236 649 2301 in
669 2237 831 2303 conditore
850 2255 908 2304 suo
933 2241 1020 2304 esset
1043 2237 1125 2303 scire
1147 2255 1208 2303 non
1232 2238 1373 2319 poterat!

277 2341 327 2407 19.
348 2341 391 2406 iit
412 2341 452 2406 ad
475 2341 654 2408 corinthios
685 2342 717 2407 in
750 2342 889 2425 epistula
916 2343 1019 2426 prima
1050 2341 1219 2426 praetciitc
1251 2339 1373 2416 ordine,
1391 2357 1418 2399 ac

231 2447 339 2530 quiin
362 2447 531 2514 traditione
553 2447 627 2514 idei
650 2452 709 2527 est,
733 2448 772 2514 ab
797 2449 912 2534 spiritu
935 2453 1045 2516 sancto
1067 2447 1181 2532 incipit
1198 2445 1373 2531 gratianum

231 2555 266 2617 et
286 2551 534 2619 ministeriorum
557 2571 731 2618 memorare
749 2555 950 2638 operationes
971 2559 1004 2620 st
1026 2553 1191 2637 subiungit
1208 2551 1373 2617 domiuum

231 2659 338 2723 Iesum
368 2661 402 2724 et
427 2659 558 2724 tortium
581 2659 671 2743 ponit
694 2658 798 2736 deum,
823 2680 916 2745 quem
940 2664 974 2725 et
1000 2659 1032 2725 in
1060 2658 1173 2744 spiritu
1202 2660 1312 2723 sancto
1341 2661 1375 2721 et

232 2765 264 2829 iu
284 2763 411 2830 domino
430 2764 508 2830 dicit
525 2766 656 2849 operari,
676 2765 763 2831 sicut
779 2765 826 2830 ait
843 2771 877 2831 et
894 2765 1056 2831 dominus:
1074 2766 1191 2848 pater
1207 2778 1374 2827 manans

233 2870 271 2934 in
295 2886 352 2934 nne
381 2870 470 2952 ipse
498 2874 700 2953 operatur.
721 2890 777 2953 par
799 2870 832 2935 id
855 2870 939 2954 qnod
964 2871 1047 2936 enim
1071 2869 1110 2934 ds
1133 2867 1191 2934 deo
1214 2870 1304 2952 patre
1323 2873 1374 2932 ost
1393 2884 1418 2927 aa

233 2979 265 3041 et
287 2975 421 3058 spiritus
444 2980 573 3042 sanctus
596 2979 630 3041 at
651 2975 808 3054 christus,
832 2976 974 3060 operatio
997 2994 1105 3042 eornm
1128 2992 1208 3059 opus
1233 2976 1283 3040 ast
1311 2972 1374 3038 dei.

233 3081 368 3164 denique
386 3085 532 3147 sanctum
551 3080 697 3164 spiritum
717 3081 801 3146 idem
819 3082 899 3147 dicit
915 3087 949 3146 et
966 3081 1140 3159 dominnm,
1159 3083 1193 3147 et
1209 3079 1373 3145 dominnm

232 3186 316 3253 idom
327 3185 407 3251 dicit
418 3189 452 3251 et
465 3184 613 3251 deum-
622 3186 683 3253 hoc
696 3186 988 3270 proptcsunitstem
1002 3190 1199 3262 naturae-3
1209 3201 1283 3250 cum
1297 3203 1374 3270 ergo

233 3293 387 3359 hocloco
409 3292 493 3358 idam
517 3292 621 3372 deum,
639 3293 694 3375 qui
714 3296 764 3357 est
786 3296 819 3358 et
842 3292 998 3371 dominus,
1021 3291 1106 3357 dicat
1128 3289 1250 3374 operari
1267 3290 1376 3356 omnia

233 3398 266 3462 in
299 3396 456 3475 omnibns,
488 3398 622 3464 inierins
651 3399 698 3465 sic
730 3398 889 3464 conclusit
919 3398 1042 3464 dicens:
1075 3395 1204 3462 omnia
1237 3398 1418 3461 autemus

234 3505 330 3569 haec
354 3506 545 3586 operatur
568 3523 668 3570 nnus
693 3504 821 3586 adque
843 3504 947 3569 idem
976 3503 1152 3588 spiritns
1179 3499 1374 3566 diuidens

234 3610 302 3677 uni
335 3611 482 3693 cuique
515 3616 637 3692 prout
663 3610 763 3676 uult
796 3610 873 3694 quid
904 3613 969 3675 tam
1002 3613 1148 3693 apertum
1179 3610 1244 3672 tres
1276 3607 1376 3673 nnius

235 3735 306 3783 esse
338 3715 539 3800 operationis,
571 3716 646 3798 quia
672 3720 821 3800 operante
854 3734 916 3782 nno
949 3715 1071 3800 operari
1103 3713 1254 3778 dicuntur
1282 3711 1377 3778 tres?

235 3839 341 3905 quare,
359 3821 421 3886 nisi
439 3821 514 3902 quis
532 3822 627 3887 nnius
645 3827 720 3887 sunt
738 3822 937 3888 diuinitatis?
950 3838 1022 3886 nam
1036 3837 1098 3885 non
1118 3821 1169 3884 est
1185 3816 1375 3902 ambiguum

236 3929 353 3994 donum
367 3927 539 4011 mearum
553 3928 677 4011 proprie
690 3928 837 4012 spiritum
853 3932 997 3992 sanctum
1013 3925 1144 4009 opernui.
1159 3923 1213 3990 aad
1227 3925 1266 3989 ut
1279 3921 1375 3988 deum
1393 3939 1418 3985 sn

235 4040 270 4099 et
291 4033 452 4100 dominum
478 4036 510 4098 et
532 4032 680 4117 spiritum
702 4038 849 4100 sanctum
872 4050 970 4097 unum
994 4049 1064 4096 esse
1087 4032 1216 4113 propter
1242 4031 1376 4093 naturae

326 4275 548 4335 1110n.4.13
603 4274 829 4334 510οτ.2,11
888 4277 917 4328 ll
939 4273 1073 4329 οΗΟοῐ.
1091 4273 1131 4336 12,
1145 4272 1215 4327 4-6
1266 4272 1376 4326 141011.

238 4368 334 4436 14,10
389 4363 683 4426 leer.lcor.1t‚c
738 4361 884 4418 solcor.
907 4363 999 4428 12,11

105 4543 158 4608 des.
171 4538 223 4592 PG
273 4542 337 4594 iet
355 4555 406 4593 osa
429 4536 510 4591 CNX
566 4535 688 4606 cueleio
710 4535 918 4603 Omnem.)
972 4535 1162 4605 tumbigetur
1179 4535 1208 4587 X
1259 4533 1375 4603 8quid]

238 4627 310 4698 quod
331 4626 354 4682 0
460 4625 494 4680 10
516 4623 668 4678 corintheos
685 4622 794 4685 HM
816 4625 908 4692 (corr.)
931 4622 1115 4677 chorrintheos
1136 4619 1329 4677 Ccorintiueoa
1349 4620 1380 4673 Β

238 4719 268 4771 ll
291 4715 444 4788 abludit
548 4711 801 4781 senetospirituG
886 4710 1090 4766 litinensis
1179 4711 1212 4765 14
1230 4714 1259 4764 et
1277 4709 1378 4764 ΜΚ

239 4808 272 4860 ii
291 4805 443 4872 dominum]
461 4801 514 4858 (iiic
533 4802 570 4855 M
585 4799 630 4854 dun
648 4800 680 4853 N
749 4805 777 4854 et
796 4798 934 4855 dominum
952 4797 1024 4854 idem
1043 4798 1112 4853 dicit
1130 4801 1158 4852 et
1176 4797 1256 4853 denen
1275 4813 1327 4852 oss.
1345 4797 1384 4851 N

238 4894 387 4964 dominum]
407 4891 460 4946 dno
475 4891 512 4944 Μ
564 4888 596 4943 18
614 4886 698 4958 idem]
715 4887 788 4942 idest
801 4887 838 4941 Μ
888 4887 925 4942 20
942 4888 1063 4942 iniamus
1081 4888 1215 4955 (corr.)0
1285 4886 1382 4940 omnia

239 4985 289 5037 hec
307 4984 343 5051 (ἲ)
360 4987 441 5048 (erae
459 4979 521 5052 iaec)
539 4979 573 5032 Ν
639 4977 674 5030 23
693 4976 863 5045 operationes
881 4976 936 5030 ΕΒ
1011 4992 1065 5029 unc
1084 4991 1135 5032 om.
1154 4975 1183 5029 X
1271 4976 1381 5043 operari

239 5069 374 5139 dicuntur]
394 5069 539 5138 operantur
556 5066 589 5118 N
638 5063 673 5117 24
693 5061 806 5116 uuusC
857 5063 891 5118 25
910 5064 1016 5134 operari
1035 5079 1086 5119 oss.
1105 5062 1181 5132 (cdd
1199 5080 1221 5117 s.
1240 5062 1271 5132 1.)
1289 5062 1326 5116 Ν
