<?xml version="1.0" encoding="UTF-8"?>
<!DOCTYPE html PUBLIC "-//W3C//DTD XHTML 1.0 Transitional//EN"
    "http://www.w3.org/TR/xhtml1/DTD/xhtml1-transitional.dtd">
<html xmlns="http://www.w3.org/1999/xhtml" xml:lang="en" lang="en">
 <head>
  <title>
</title>
<meta http-equiv="Content-Type" content="text/html;charset=utf-8" />
  <meta name='ocr-system' content='tesseract 3.04.00' />
  <meta name='ocr-capabilities' content='ocr_page ocr_carea ocr_par ocr_line ocrx_word'/>
</head>
<body>
  <div class='ocr_page' id='page_1' title='image "./pseudoaugustini00soutgoog/pseudoaugustini00soutgoog_0335.png"; bbox 0 0 3275 6434; ppageno 0'>
   <div class='ocr_carea' id='block_1_1' title="bbox 681 1381 1416 1456">
    <p class='ocr_par' dir='ltr' id='par_1_1' title="bbox 681 1381 1416 1456">
     <span class='ocr_line' id='line_1_1' title="bbox 681 1381 1416 1456; baseline -0.003 -15"><span class='ocrx_word' id='word_1_1' title='bbox 681 1384 746 1455; x_wconf 79' lang='lat' dir='ltr'>Gap</span> <span class='ocrx_word' id='word_1_2' title='bbox 776 1381 985 1441; x_wconf 71' lang='lat'>011111-12.</span> <span class='ocrx_word' id='word_1_3' title='bbox 1351 1390 1416 1456; x_wconf 76' lang='lat'>293</span> 
     </span>
    </p>
   </div>
   <div class='ocr_carea' id='block_1_2' title="bbox 224 1576 1416 3251">
    <p class='ocr_par' dir='ltr' id='par_1_2' title="bbox 224 1576 1416 3251">
     <span class='ocr_line' id='line_1_2' title="bbox 269 1576 1415 1664; baseline 0.003 -20"><span class='ocrx_word' id='word_1_4' title='bbox 269 1576 518 1645; x_wconf 82' lang='lat' dir='ltr'>misericordiam</span> <span class='ocrx_word' id='word_1_5' title='bbox 540 1578 738 1664; x_wconf 70' lang='lat' dir='ltr'>precabatur,</span> <span class='ocrx_word' id='word_1_6' title='bbox 767 1596 861 1661; x_wconf 87' lang='lat' dir='ltr'>qnnm</span> <span class='ocrx_word' id='word_1_7' title='bbox 885 1577 1031 1644; x_wconf 89' lang='lat' dir='ltr'>obtinens</span> <span class='ocrx_word' id='word_1_8' title='bbox 1054 1580 1200 1647; x_wconf 87' lang='lat' dir='ltr'>eleuatus</span> <span class='ocrx_word' id='word_1_9' title='bbox 1224 1583 1274 1646; x_wconf 91' lang='lat' dir='ltr'>est</span> <span class='ocrx_word' id='word_1_10' title='bbox 1300 1582 1415 1648; x_wconf 88' lang='lat' dir='ltr'>mentis</span> 
     </span>
     <span class='ocr_line' id='line_1_3' title="bbox 269 1683 883 1770; baseline -0.007 -19"><span class='ocrx_word' id='word_1_11' title='bbox 269 1683 465 1752; x_wconf 83' lang='lat' dir='ltr'>exultatione</span> <span class='ocrx_word' id='word_1_12' title='bbox 486 1687 521 1751; x_wconf 92' lang='lat' dir='ltr'>et</span> <span class='ocrx_word' id='word_1_13' title='bbox 542 1684 682 1770; x_wconf 89' lang='lat' dir='ltr'>corporis</span> <span class='ocrx_word' id='word_1_14' title='bbox 704 1683 883 1750; x_wconf 81' lang='lat' dir='ltr'>retectione.</span> 
     </span>
     <span class='ocr_line' id='line_1_4' title="bbox 316 1789 1416 1875; baseline 0.001 -18"><span class='ocrx_word' id='word_1_15' title='bbox 316 1791 369 1857; x_wconf 86' lang='grc'>16.</span> <span class='ocrx_word' id='word_1_16' title='bbox 406 1790 449 1857; x_wconf 83' lang='lat' dir='ltr'>Iit</span> <span class='ocrx_word' id='word_1_17' title='bbox 479 1789 632 1856; x_wconf 87' lang='lat' dir='ltr'>subiecit:</span> <span class='ocrx_word' id='word_1_18' title='bbox 668 1792 810 1855; x_wconf 88' lang='lat' dir='ltr'>auerte</span> <span class='ocrx_word' id='word_1_19' title='bbox 851 1789 996 1856; x_wconf 79' lang='lat' dir='ltr'>faciem</span> <span class='ocrx_word' id='word_1_20' title='bbox 1034 1794 1142 1856; x_wconf 88' lang='lat' dir='ltr'>tuem</span> <span class='ocrx_word' id='word_1_21' title='bbox 1175 1809 1195 1856; x_wconf 89' lang='lat' dir='ltr'>e</span> <span class='ocrx_word' id='word_1_22' title='bbox 1229 1792 1416 1875; x_wconf 88' lang='lat' dir='ltr'>peccatis</span> 
     </span>
     <span class='ocr_line' id='line_1_5' title="bbox 270 1894 1416 1978; baseline 0.001 -15"><span class='ocrx_word' id='word_1_23' title='bbox 270 1896 374 1965; x_wconf 84' lang='lat' dir='ltr'>meis</span> <span class='ocrx_word' id='word_1_24' title='bbox 410 1899 453 1963; x_wconf 90' lang='lat' dir='ltr'>et</span> <span class='ocrx_word' id='word_1_25' title='bbox 482 1914 619 1963; x_wconf 92' lang='lat' dir='ltr'>omnes</span> <span class='ocrx_word' id='word_1_26' title='bbox 655 1894 908 1978; x_wconf 86' lang='lat' dir='ltr'>iniquitates</span> <span class='ocrx_word' id='word_1_27' title='bbox 944 1915 1052 1962; x_wconf 85' lang='lat' dir='ltr'>meas</span> <span class='ocrx_word' id='word_1_28' title='bbox 1083 1896 1182 1962; x_wconf 83' lang='lat' dir='ltr'>dele.</span> <span class='ocrx_word' id='word_1_29' title='bbox 1221 1897 1281 1964; x_wconf 86' lang='lat' dir='ltr'>bec</span> <span class='ocrx_word' id='word_1_30' title='bbox 1313 1897 1416 1964; x_wconf 80' lang='lat' dir='ltr'>forme</span> 
     </span>
     <span class='ocr_line' id='line_1_6' title="bbox 239 2001 1416 2089; baseline 0.002 -21"><span class='ocrx_word' id='word_1_31' title='bbox 239 2002 491 2071; x_wconf 83' lang='lat' dir='ltr'>eremissioneru</span> <span class='ocrx_word' id='word_1_32' title='bbox 518 2002 671 2088; x_wconf 81' lang='lat' dir='ltr'>postulet,</span> <span class='ocrx_word' id='word_1_33' title='bbox 699 2002 786 2068; x_wconf 87' lang='lat' dir='ltr'>sicut</span> <span class='ocrx_word' id='word_1_34' title='bbox 813 2001 1025 2068; x_wconf 89' lang='lat' dir='ltr'>constitutum</span> <span class='ocrx_word' id='word_1_35' title='bbox 1048 2003 1170 2069; x_wconf 80' lang='lat' dir='ltr'>eratin</span> <span class='ocrx_word' id='word_1_36' title='bbox 1193 2002 1336 2070; x_wconf 75' lang='lat' dir='ltr'>futurum</span> <span class='ocrx_word' id='word_1_37' title='bbox 1359 2023 1416 2089; x_wconf 88' lang='lat' dir='ltr'>per</span> 
     </span>
     <span class='ocr_line' id='line_1_7' title="bbox 268 2106 1413 2192; baseline 0 -19"><span class='ocrx_word' id='word_1_38' title='bbox 268 2107 366 2175; x_wconf 83' lang='lat' dir='ltr'>fldem</span> <span class='ocrx_word' id='word_1_39' title='bbox 389 2107 519 2185; x_wconf 67' lang='lat' dir='ltr'>(ibristi</span> <span class='ocrx_word' id='word_1_40' title='bbox 547 2111 586 2173; x_wconf 90' lang='lat' dir='ltr'>ut</span> <span class='ocrx_word' id='word_1_41' title='bbox 616 2107 767 2184; x_wconf 80' lang='lat' dir='ltr'>sulcator,</span> <span class='ocrx_word' id='word_1_42' title='bbox 801 2106 856 2191; x_wconf 89' lang='lat' dir='ltr'>qui</span> <span class='ocrx_word' id='word_1_43' title='bbox 889 2107 918 2173; x_wconf 92' lang='lat' dir='ltr'>ei</span> <span class='ocrx_word' id='word_1_44' title='bbox 947 2107 1128 2190; x_wconf 72' lang='lat' dir='ltr'><strong>specialiter</strong></span> <span class='ocrx_word' id='word_1_45' title='bbox 1159 2109 1337 2192; x_wconf 88' lang='lat' dir='ltr'>promissus</span> <span class='ocrx_word' id='word_1_46' title='bbox 1374 2108 1413 2175; x_wconf 91' lang='lat' dir='ltr'>ab</span> 
     </span>
     <span class='ocr_line' id='line_1_8' title="bbox 268 2212 1411 2300; baseline -0.001 -21"><span class='ocrx_word' id='word_1_47' title='bbox 268 2214 341 2300; x_wconf 85' lang='lat' dir='ltr'>ipso</span> <span class='ocrx_word' id='word_1_48' title='bbox 372 2214 527 2299; x_wconf 71' lang='lat' dir='ltr'>inciperet</span> <span class='ocrx_word' id='word_1_49' title='bbox 556 2216 672 2280; x_wconf 77' lang='lat' dir='ltr'>cuncte</span> <span class='ocrx_word' id='word_1_50' title='bbox 704 2212 868 2279; x_wconf 88' lang='lat' dir='ltr'>conuersis</span> <span class='ocrx_word' id='word_1_51' title='bbox 895 2213 1010 2280; x_wconf 84' lang='lat' dir='ltr'>donare</span> <span class='ocrx_word' id='word_1_52' title='bbox 1037 2218 1177 2298; x_wconf 85' lang='lat' dir='ltr'>peecata.</span> <span class='ocrx_word' id='word_1_53' title='bbox 1206 2215 1299 2280; x_wconf 88' lang='lat' dir='ltr'>cuius</span> <span class='ocrx_word' id='word_1_54' title='bbox 1328 2213 1411 2280; x_wconf 88' lang='lat' dir='ltr'>enim</span> 
     </span>
     <span class='ocr_line' id='line_1_9' title="bbox 267 2318 1414 2404; baseline -0.001 -18"><span class='ocrx_word' id='word_1_55' title='bbox 267 2339 331 2386; x_wconf 93' lang='lat' dir='ltr'>non</span> <span class='ocrx_word' id='word_1_56' title='bbox 353 2319 569 2404; x_wconf 84' lang='lat' dir='ltr'>respiciuntur</span> <span class='ocrx_word' id='word_1_57' title='bbox 589 2323 721 2403; x_wconf 80' lang='lat' dir='ltr'>peccata</span> <span class='ocrx_word' id='word_1_58' title='bbox 743 2322 776 2385; x_wconf 88' lang='lat' dir='ltr'>et</span> <span class='ocrx_word' id='word_1_59' title='bbox 807 2337 918 2386; x_wconf 89' lang='lat' dir='ltr'>omnes</span> <span class='ocrx_word' id='word_1_60' title='bbox 950 2318 1095 2385; x_wconf 83' lang='lat' dir='ltr'>delentur</span> <span class='ocrx_word' id='word_1_61' title='bbox 1124 2319 1320 2404; x_wconf 83' lang='lat' dir='ltr'>iniquitates,</span> <span class='ocrx_word' id='word_1_62' title='bbox 1353 2338 1414 2386; x_wconf 94' lang='lat' dir='ltr'>non</span> 
     </span>
     <span class='ocr_line' id='line_1_10' title="bbox 267 2424 1411 2494; baseline 0.002 -2"><span class='ocrx_word' id='word_1_63' title='bbox 267 2425 366 2493; x_wconf 81' lang='lat' dir='ltr'>babet</span> <span class='ocrx_word' id='word_1_64' title='bbox 386 2426 471 2494; x_wconf 85' lang='lat' dir='ltr'>nude</span> <span class='ocrx_word' id='word_1_65' title='bbox 491 2444 566 2492; x_wconf 88' lang='lat' dir='ltr'>reus</span> <span class='ocrx_word' id='word_1_66' title='bbox 589 2425 744 2493; x_wconf 90' lang='lat' dir='ltr'>constitui</span> <span class='ocrx_word' id='word_1_67' title='bbox 766 2430 800 2491; x_wconf 88' lang='lat' dir='ltr'>et</span> <span class='ocrx_word' id='word_1_68' title='bbox 817 2425 1017 2492; x_wconf 87' lang='lat' dir='ltr'>inimicorum</span> <span class='ocrx_word' id='word_1_69' title='bbox 1042 2425 1111 2492; x_wconf 89' lang='lat' dir='ltr'>eius</span> <span class='ocrx_word' id='word_1_70' title='bbox 1137 2445 1192 2492; x_wconf 91' lang='lat' dir='ltr'>ore</span> <span class='ocrx_word' id='word_1_71' title='bbox 1209 2424 1411 2494; x_wconf 74' lang='lat' dir='ltr'>clauduntur.</span> 
     </span>
     <span class='ocr_line' id='line_1_11' title="bbox 224 2530 1410 2617; baseline -0.002 -20"><span class='ocrx_word' id='word_1_72' title='bbox 224 2551 251 2598; x_wconf 82' lang='lat' dir='ltr'>ro</span> <span class='ocrx_word' id='word_1_73' title='bbox 267 2532 325 2617; x_wconf 86' lang='lat' dir='ltr'>qui</span> <span class='ocrx_word' id='word_1_74' title='bbox 347 2531 431 2599; x_wconf 91' lang='lat' dir='ltr'>enim</span> <span class='ocrx_word' id='word_1_75' title='bbox 453 2549 514 2598; x_wconf 87' lang='lat' dir='ltr'>non</span> <span class='ocrx_word' id='word_1_76' title='bbox 537 2531 669 2615; x_wconf 73' lang='lat' dir='ltr'>respicit</span> <span class='ocrx_word' id='word_1_77' title='bbox 690 2534 831 2614; x_wconf 81' lang='lat' dir='ltr'>peccate,</span> <span class='ocrx_word' id='word_1_78' title='bbox 855 2549 915 2596; x_wconf 92' lang='lat' dir='ltr'>non</span> <span class='ocrx_word' id='word_1_79' title='bbox 938 2530 996 2597; x_wconf 86' lang='lat' dir='ltr'>illo</span> <span class='ocrx_word' id='word_1_80' title='bbox 1017 2530 1154 2615; x_wconf 82' lang='lat' dir='ltr'>inputet</span> <span class='ocrx_word' id='word_1_81' title='bbox 1176 2531 1238 2597; x_wconf 90' lang='lat' dir='ltr'>boo</span> <span class='ocrx_word' id='word_1_82' title='bbox 1257 2533 1308 2602; x_wconf 90' lang='lat' dir='ltr'>eet</span> <span class='ocrx_word' id='word_1_83' title='bbox 1326 2530 1410 2597; x_wconf 92' lang='lat' dir='ltr'>enim</span> 
     </span>
     <span class='ocr_line' id='line_1_12' title="bbox 267 2635 1410 2720; baseline -0.002 -16"><span class='ocrx_word' id='word_1_84' title='bbox 267 2640 411 2704; x_wconf 85' lang='lat' dir='ltr'>euertere</span> <span class='ocrx_word' id='word_1_85' title='bbox 431 2636 546 2704; x_wconf 82' lang='lat' dir='ltr'>faciem</span> <span class='ocrx_word' id='word_1_86' title='bbox 569 2655 588 2702; x_wconf 85' lang='lat' dir='ltr'>a</span> <span class='ocrx_word' id='word_1_87' title='bbox 610 2635 749 2720; x_wconf 72' lang='lat' dir='ltr'>peccatis</span> <span class='ocrx_word' id='word_1_88' title='bbox 774 2635 921 2714; x_wconf 77' lang='lat' dir='ltr'>alicuius,</span> <span class='ocrx_word' id='word_1_89' title='bbox 949 2636 1184 2703; x_wconf 68' lang='lat' dir='ltr'>accusationem</span> <span class='ocrx_word' id='word_1_90' title='bbox 1207 2639 1315 2703; x_wconf 88' lang='lat' dir='ltr'>contre</span> <span class='ocrx_word' id='word_1_91' title='bbox 1337 2654 1410 2702; x_wconf 88' lang='lat' dir='ltr'>enm</span> 
     </span>
     <span class='ocr_line' id='line_1_13' title="bbox 267 2741 1413 2828; baseline -0.001 -20"><span class='ocrx_word' id='word_1_92' title='bbox 267 2761 331 2810; x_wconf 89' lang='lat' dir='ltr'>non</span> <span class='ocrx_word' id='word_1_93' title='bbox 353 2743 504 2828; x_wconf 86' lang='lat' dir='ltr'>recipere.</span> <span class='ocrx_word' id='word_1_94' title='bbox 534 2741 670 2825; x_wconf 86' lang='lat' dir='ltr'>etquid</span> <span class='ocrx_word' id='word_1_95' title='bbox 700 2744 749 2808; x_wconf 89' lang='lat' dir='ltr'>est</span> <span class='ocrx_word' id='word_1_96' title='bbox 776 2742 848 2820; x_wconf 86' lang='lat' dir='ltr'>boc,</span> <span class='ocrx_word' id='word_1_97' title='bbox 876 2747 924 2818; x_wconf 79' lang='lat' dir='ltr'>ut,</span> <span class='ocrx_word' id='word_1_98' title='bbox 952 2759 1023 2807; x_wconf 91' lang='lat' dir='ltr'>cnm</span> <span class='ocrx_word' id='word_1_99' title='bbox 1053 2742 1091 2808; x_wconf 85' lang='lat' dir='ltr'>de</span> <span class='ocrx_word' id='word_1_100' title='bbox 1120 2743 1244 2809; x_wconf 80' lang='lat' dir='ltr'>dnobus</span> <span class='ocrx_word' id='word_1_101' title='bbox 1273 2742 1413 2826; x_wconf 81' lang='lat' dir='ltr'>peccetis</span> 
     </span>
     <span class='ocr_line' id='line_1_14' title="bbox 268 2846 1409 2934; baseline -0.004 -17"><span class='ocrx_word' id='word_1_102' title='bbox 268 2853 434 2934; x_wconf 89' lang='lat' dir='ltr'>correptus</span> <span class='ocrx_word' id='word_1_103' title='bbox 455 2849 509 2926; x_wconf 87' lang='lat' dir='ltr'>sit,</span> <span class='ocrx_word' id='word_1_104' title='bbox 531 2847 585 2914; x_wconf 90' lang='lat' dir='ltr'>bio</span> <span class='ocrx_word' id='word_1_105' title='bbox 608 2847 705 2913; x_wconf 82' lang='lat' dir='ltr'>addet</span> <span class='ocrx_word' id='word_1_106' title='bbox 726 2846 765 2913; x_wconf 83' lang='lat' dir='ltr'>de</span> <span class='ocrx_word' id='word_1_107' title='bbox 788 2847 899 2913; x_wconf 88' lang='lat' dir='ltr'>multis</span> <span class='ocrx_word' id='word_1_108' title='bbox 923 2866 958 2913; x_wconf 91' lang='lat' dir='ltr'>se</span> <span class='ocrx_word' id='word_1_109' title='bbox 982 2848 1180 2915; x_wconf 74' lang='lat' dir='ltr'>accusando?</span> <span class='ocrx_word' id='word_1_110' title='bbox 1203 2850 1236 2914; x_wconf 93' lang='lat' dir='ltr'>et</span> <span class='ocrx_word' id='word_1_111' title='bbox 1259 2866 1332 2914; x_wconf 91' lang='lat' dir='ltr'>oum</span> <span class='ocrx_word' id='word_1_112' title='bbox 1356 2867 1409 2913; x_wconf 81' lang='lat' dir='ltr'>au·</span> 
     </span>
     <span class='ocr_line' id='line_1_15' title="bbox 269 2953 1414 3042; baseline -0.001 -19"><span class='ocrx_word' id='word_1_113' title='bbox 269 2955 365 3023; x_wconf 85' lang='lat' dir='ltr'>‹lierit</span> <span class='ocrx_word' id='word_1_114' title='bbox 386 2974 406 3021; x_wconf 89' lang='lat' dir='ltr'>a</span> <span class='ocrx_word' id='word_1_115' title='bbox 426 2955 557 3042; x_wconf 78' lang='lat' dir='ltr'>profete.</span> <span class='ocrx_word' id='word_1_116' title='bbox 569 2954 695 3021; x_wconf 84' lang='lat' dir='ltr'>Nathan</span> <span class='ocrx_word' id='word_1_117' title='bbox 720 2954 795 3039; x_wconf 89' lang='lat' dir='ltr'>quia</span> <span class='ocrx_word' id='word_1_118' title='bbox 816 2953 963 3039; x_wconf 75' lang='lat' dir='ltr'>ignotum</span> <span class='ocrx_word' id='word_1_119' title='bbox 992 2961 1060 3020; x_wconf 88' lang='lat' dir='ltr'>eret</span> <span class='ocrx_word' id='word_1_120' title='bbox 1086 2954 1125 3032; x_wconf 86' lang='lat' dir='ltr'>ei,</span> <span class='ocrx_word' id='word_1_121' title='bbox 1159 2972 1255 3038; x_wconf 89' lang='lat' dir='ltr'>quere</span> <span class='ocrx_word' id='word_1_122' title='bbox 1283 2954 1330 3021; x_wconf 89' lang='lat' dir='ltr'>sic</span> <span class='ocrx_word' id='word_1_123' title='bbox 1358 2974 1414 3038; x_wconf 89' lang='lat' dir='ltr'>po·</span> 
     </span>
     <span class='ocr_line' id='line_1_16' title="bbox 224 3059 1412 3146; baseline -0.004 -17"><span class='ocrx_word' id='word_1_124' title='bbox 224 3062 371 3130; x_wconf 78' lang='lat' dir='ltr'>ustulat</span> <span class='ocrx_word' id='word_1_125' title='bbox 393 3062 504 3128; x_wconf 83' lang='lat' dir='ltr'>sedula</span> <span class='ocrx_word' id='word_1_126' title='bbox 526 3079 628 3146; x_wconf 80' lang='lat' dir='ltr'>prece,</span> <span class='ocrx_word' id='word_1_127' title='bbox 657 3064 695 3126; x_wconf 91' lang='lat' dir='ltr'>nt</span> <span class='ocrx_word' id='word_1_128' title='bbox 716 3060 820 3144; x_wconf 88' lang='lat' dir='ltr'>possit</span> <span class='ocrx_word' id='word_1_129' title='bbox 843 3059 881 3124; x_wconf 85' lang='lat' dir='ltr'>ad</span> <span class='ocrx_word' id='word_1_130' title='bbox 904 3061 1030 3125; x_wconf 89' lang='lat' dir='ltr'>ueniam</span> <span class='ocrx_word' id='word_1_131' title='bbox 1054 3060 1229 3145; x_wconf 79' lang='lat' dir='ltr'>peruenire,</span> <span class='ocrx_word' id='word_1_132' title='bbox 1253 3060 1316 3127; x_wconf 89' lang='lat' dir='ltr'>nisi</span> <span class='ocrx_word' id='word_1_133' title='bbox 1339 3061 1412 3145; x_wconf 82' lang='lat' dir='ltr'>quin</span> 
     </span>
     <span class='ocr_line' id='line_1_17' title="bbox 268 3165 1410 3251; baseline -0.005 -16"><span class='ocrx_word' id='word_1_134' title='bbox 268 3187 330 3236; x_wconf 91' lang='lat' dir='ltr'>non</span> <span class='ocrx_word' id='word_1_135' title='bbox 354 3186 445 3234; x_wconf 87' lang='lat' dir='ltr'>suam</span> <span class='ocrx_word' id='word_1_136' title='bbox 468 3166 569 3234; x_wconf 89' lang='lat' dir='ltr'>solius</span> <span class='ocrx_word' id='word_1_137' title='bbox 593 3185 722 3233; x_wconf 80' lang='lat' dir='ltr'>caueam</span> <span class='ocrx_word' id='word_1_138' title='bbox 745 3167 824 3251; x_wconf 71' lang='lat' dir='ltr'>agit,</span> <span class='ocrx_word' id='word_1_139' title='bbox 848 3165 904 3232; x_wconf 84' lang='lat' dir='ltr'>sed</span> <span class='ocrx_word' id='word_1_140' title='bbox 927 3166 988 3232; x_wconf 90' lang='lat' dir='ltr'>sub</span> <span class='ocrx_word' id='word_1_141' title='bbox 1012 3165 1178 3232; x_wconf 73' lang='lat' dir='ltr'>occasione</span> <span class='ocrx_word' id='word_1_142' title='bbox 1207 3167 1329 3250; x_wconf 77' lang='lat' dir='ltr'>peccati</span> <span class='ocrx_word' id='word_1_143' title='bbox 1360 3167 1410 3231; x_wconf 90' lang='lat' dir='ltr'>sui</span> 
     </span>
    </p>
   </div>
   <div class='ocr_carea' id='block_1_3' title="bbox 221 3271 1412 3782">
    <p class='ocr_par' dir='ltr' id='par_1_3' title="bbox 263 3271 1412 3570">
     <span class='ocr_line' id='line_1_18' title="bbox 266 3271 1412 3359; baseline -0.003 -19"><span class='ocrx_word' id='word_1_144' title='bbox 266 3274 370 3340; x_wconf 84' lang='lat' dir='ltr'>totins</span> <span class='ocrx_word' id='word_1_145' title='bbox 392 3274 502 3359; x_wconf 90' lang='lat' dir='ltr'>populi</span> <span class='ocrx_word' id='word_1_146' title='bbox 524 3273 669 3339; x_wconf 88' lang='lat' dir='ltr'>miserias</span> <span class='ocrx_word' id='word_1_147' title='bbox 688 3274 813 3338; x_wconf 77' lang='lat' dir='ltr'>narret?</span> <span class='ocrx_word' id='word_1_148' title='bbox 836 3272 898 3338; x_wconf 93' lang='lat' dir='ltr'>sibi</span> <span class='ocrx_word' id='word_1_149' title='bbox 922 3272 1004 3338; x_wconf 89' lang='lat' dir='ltr'>enim</span> <span class='ocrx_word' id='word_1_150' title='bbox 1028 3271 1283 3338; x_wconf 81' lang='lat' dir='ltr'>reformationem</span> <span class='ocrx_word' id='word_1_151' title='bbox 1307 3290 1412 3355; x_wconf 84' lang='lat' dir='ltr'>precn-</span> 
     </span>
     <span class='ocr_line' id='line_1_19' title="bbox 268 3378 1410 3464; baseline -0.003 -19"><span class='ocrx_word' id='word_1_152' title='bbox 268 3382 333 3459; x_wconf 82' lang='lat' dir='ltr'>tur‚</span> <span class='ocrx_word' id='word_1_153' title='bbox 359 3380 434 3464; x_wconf 84' lang='lat' dir='ltr'>quin</span> <span class='ocrx_word' id='word_1_154' title='bbox 461 3379 515 3446; x_wconf 92' lang='lat' dir='ltr'>oui</span> <span class='ocrx_word' id='word_1_155' title='bbox 541 3379 720 3464; x_wconf 76' lang='lat' dir='ltr'>ignoscitur</span> <span class='ocrx_word' id='word_1_156' title='bbox 747 3397 808 3445; x_wconf 91' lang='lat' dir='ltr'>non</span> <span class='ocrx_word' id='word_1_157' title='bbox 837 3381 887 3444; x_wconf 90' lang='lat' dir='ltr'>est</span> <span class='ocrx_word' id='word_1_158' title='bbox 915 3378 983 3444; x_wconf 89' lang='lat' dir='ltr'>sine</span> <span class='ocrx_word' id='word_1_159' title='bbox 1011 3379 1135 3446; x_wconf 87' lang='lat' dir='ltr'>rubore.</span> <span class='ocrx_word' id='word_1_160' title='bbox 1163 3378 1224 3443; x_wconf 91' lang='lat' dir='ltr'>uisi</span> <span class='ocrx_word' id='word_1_161' title='bbox 1253 3380 1322 3444; x_wconf 84' lang='lat' dir='ltr'>loco</span> <span class='ocrx_word' id='word_1_162' title='bbox 1351 3396 1410 3443; x_wconf 91' lang='lat' dir='ltr'>suo</span> 
     </span>
     <span class='ocr_line' id='line_1_20' title="bbox 263 3483 1406 3570; baseline -0.001 -21"><span class='ocrx_word' id='word_1_163' title='bbox 263 3483 366 3551; x_wconf 71' lang='lat' dir='ltr'>fuerit</span> <span class='ocrx_word' id='word_1_164' title='bbox 386 3483 541 3562; x_wconf 82' lang='lat' dir='ltr'>redditus,</span> <span class='ocrx_word' id='word_1_165' title='bbox 564 3487 602 3551; x_wconf 89' lang='lat' dir='ltr'>ut</span> <span class='ocrx_word' id='word_1_166' title='bbox 624 3484 762 3570; x_wconf 76' lang='lat' dir='ltr'>dignitas</span> <span class='ocrx_word' id='word_1_167' title='bbox 785 3484 847 3550; x_wconf 91' lang='lat' dir='ltr'>loci</span> <span class='ocrx_word' id='word_1_168' title='bbox 871 3485 1018 3550; x_wconf 88' lang='lat' dir='ltr'>ruborem</span> <span class='ocrx_word' id='word_1_169' title='bbox 1042 3488 1187 3560; x_wconf 78' lang='lat' dir='ltr'>excuset3</span> <span class='ocrx_word' id='word_1_170' title='bbox 1211 3485 1325 3550; x_wconf 88' lang='lat' dir='ltr'>ceteris</span> <span class='ocrx_word' id='word_1_171' title='bbox 1353 3502 1406 3549; x_wconf 90' lang='lat' dir='ltr'>eu·</span> 
     </span>
    </p>

    <p class='ocr_par' dir='ltr' id='par_1_4' title="bbox 221 3590 1408 3782">
     <span class='ocr_line' id='line_1_21' title="bbox 221 3590 1408 3675; baseline -0.003 -17"><span class='ocrx_word' id='word_1_172' title='bbox 221 3611 251 3658; x_wconf 76' lang='lat' dir='ltr'>e)</span> <span class='ocrx_word' id='word_1_173' title='bbox 267 3593 334 3657; x_wconf 84' lang='lat' dir='ltr'>tem</span> <span class='ocrx_word' id='word_1_174' title='bbox 355 3590 543 3657; x_wconf 78' lang='lat' dir='ltr'>beneficium</span> <span class='ocrx_word' id='word_1_175' title='bbox 568 3590 628 3671; x_wconf 79' lang='lat' dir='ltr'>dei,</span> <span class='ocrx_word' id='word_1_176' title='bbox 647 3591 732 3675; x_wconf 86' lang='lat' dir='ltr'>quod</span> <span class='ocrx_word' id='word_1_177' title='bbox 751 3590 789 3656; x_wconf 86' lang='lat' dir='ltr'>ad</span> <span class='ocrx_word' id='word_1_178' title='bbox 809 3595 924 3657; x_wconf 89' lang='lat' dir='ltr'>cuncta</span> <span class='ocrx_word' id='word_1_179' title='bbox 941 3594 1072 3674; x_wconf 83' lang='lat' dir='ltr'>peceato</span> <span class='ocrx_word' id='word_1_180' title='bbox 1091 3590 1247 3656; x_wconf 85' lang='lat' dir='ltr'>abluenda</span> <span class='ocrx_word' id='word_1_181' title='bbox 1266 3590 1408 3656; x_wconf 81' lang='lat' dir='ltr'>futurum</span> 
     </span>
     <span class='ocr_line' id='line_1_22' title="bbox 268 3695 777 3782; baseline -0.008 -19"><span class='ocrx_word' id='word_1_182' title='bbox 268 3699 337 3763; x_wconf 85' lang='lat' dir='ltr'>erat</span> <span class='ocrx_word' id='word_1_183' title='bbox 357 3697 389 3763; x_wconf 92' lang='lat' dir='ltr'>in</span> <span class='ocrx_word' id='word_1_184' title='bbox 413 3695 551 3774; x_wconf 78' lang='lat' dir='ltr'>christo,</span> <span class='ocrx_word' id='word_1_185' title='bbox 575 3695 777 3782; x_wconf 79' lang='lat' dir='ltr'>significauit.</span> 
     </span>
    </p>
   </div>
   <div class='ocr_carea' id='block_1_4' title="bbox 266 3802 1408 4097">
    <p class='ocr_par' dir='ltr' id='par_1_5' title="bbox 266 3802 1408 4097">
     <span class='ocr_line' id='line_1_23' title="bbox 314 3802 1408 3887; baseline -0.002 -18"><span class='ocrx_word' id='word_1_186' title='bbox 314 3805 367 3870; x_wconf 82' lang='grc'>17.</span> <span class='ocrx_word' id='word_1_187' title='bbox 390 3803 432 3869; x_wconf 76' lang='lat' dir='ltr'>be</span> <span class='ocrx_word' id='word_1_188' title='bbox 458 3803 617 3887; x_wconf 84' lang='lat' dir='ltr'>sequitur:</span> <span class='ocrx_word' id='word_1_189' title='bbox 646 3821 714 3868; x_wconf 88' lang='lat' dir='ltr'>cor</span> <span class='ocrx_word' id='word_1_190' title='bbox 739 3802 925 3869; x_wconf 87' lang='lat' dir='ltr'>mundum</span> <span class='ocrx_word' id='word_1_191' title='bbox 958 3821 1050 3869; x_wconf 78' lang='lat' dir='ltr'>crea</span> <span class='ocrx_word' id='word_1_192' title='bbox 1076 3803 1114 3867; x_wconf 90' lang='lat' dir='ltr'>in</span> <span class='ocrx_word' id='word_1_193' title='bbox 1143 3823 1210 3881; x_wconf 87' lang='lat' dir='ltr'>me,</span> <span class='ocrx_word' id='word_1_194' title='bbox 1234 3803 1343 3882; x_wconf 80' lang='lat' dir='ltr'>deus,</span> <span class='ocrx_word' id='word_1_195' title='bbox 1368 3809 1408 3869; x_wconf 88' lang='lat' dir='ltr'>et</span> 
     </span>
     <span class='ocr_line' id='line_1_24' title="bbox 269 3907 1408 3992; baseline 0 -19"><span class='ocrx_word' id='word_1_196' title='bbox 269 3907 464 3992; x_wconf 89' lang='lat' dir='ltr'>spiritum</span> <span class='ocrx_word' id='word_1_197' title='bbox 481 3908 636 3974; x_wconf 86' lang='lat' dir='ltr'>iustum</span> <span class='ocrx_word' id='word_1_198' title='bbox 660 3907 805 3973; x_wconf 83' lang='lat' dir='ltr'>dedice</span> <span class='ocrx_word' id='word_1_199' title='bbox 827 3908 866 3973; x_wconf 93' lang='lat' dir='ltr'>in</span> <span class='ocrx_word' id='word_1_200' title='bbox 885 3908 1122 3974; x_wconf 87' lang='lat' dir='ltr'>uisceribus</span> <span class='ocrx_word' id='word_1_201' title='bbox 1141 3909 1258 3986; x_wconf 68' lang='lat' dir='ltr'>mein</span> <span class='ocrx_word' id='word_1_202' title='bbox 1279 3908 1339 3975; x_wconf 89' lang='lat' dir='ltr'>boc</span> <span class='ocrx_word' id='word_1_203' title='bbox 1358 3914 1408 3974; x_wconf 84' lang='lat' dir='ltr'>est</span> 
     </span>
     <span class='ocr_line' id='line_1_25' title="bbox 266 4013 1407 4097; baseline -0.001 -17"><span class='ocrx_word' id='word_1_204' title='bbox 266 4014 351 4081; x_wconf 84' lang='lat' dir='ltr'>bona</span> <span class='ocrx_word' id='word_1_205' title='bbox 379 4018 485 4080; x_wconf 90' lang='lat' dir='ltr'>mente</span> <span class='ocrx_word' id='word_1_206' title='bbox 520 4013 768 4080; x_wconf 82' lang='lat' dir='ltr'>misericordiam</span> <span class='ocrx_word' id='word_1_207' title='bbox 800 4014 970 4097; x_wconf 82' lang='lat' dir='ltr'>deprecari.</span> <span class='ocrx_word' id='word_1_208' title='bbox 1002 4033 1062 4081; x_wconf 88' lang='lat' dir='ltr'>non</span> <span class='ocrx_word' id='word_1_209' title='bbox 1095 4015 1200 4082; x_wconf 89' lang='lat' dir='ltr'>solum</span> <span class='ocrx_word' id='word_1_210' title='bbox 1233 4019 1339 4081; x_wconf 67' lang='lat' dir='ltr'>numm</span> <span class='ocrx_word' id='word_1_211' title='bbox 1368 4014 1407 4079; x_wconf 86' lang='lat' dir='ltr'>de</span> 
     </span>
    </p>
   </div>
   <div class='ocr_carea' id='block_1_5' title="bbox 266 4255 1407 4502">
    <p class='ocr_par' dir='ltr' id='par_1_6' title="bbox 266 4255 1407 4502">
     <span class='ocr_line' id='line_1_26' title="bbox 358 4255 1407 4326; baseline -0.002 -14"><span class='ocrx_word' id='word_1_212' title='bbox 358 4255 426 4312; x_wconf 80' lang='lat' dir='ltr'>lei.</span> <span class='ocrx_word' id='word_1_213' title='bbox 445 4255 473 4310; x_wconf 91' lang='grc'>11</span> <span class='ocrx_word' id='word_1_214' title='bbox 486 4256 553 4326; x_wconf 76' lang='lat' dir='ltr'>Beg.</span> <span class='ocrx_word' id='word_1_215' title='bbox 574 4255 616 4324; x_wconf 89' lang='grc'>12,</span> <span class='ocrx_word' id='word_1_216' title='bbox 634 4255 670 4311; x_wconf 85' lang='grc'>20</span> <span class='ocrx_word' id='word_1_217' title='bbox 732 4256 876 4323; x_wconf 65' lang='lat' dir='ltr'>Heio,</span> <span class='ocrx_word' id='word_1_218' title='bbox 897 4257 928 4311; x_wconf 88' lang='lat'>11</span> <span class='ocrx_word' id='word_1_219' title='bbox 997 4256 1066 4314; x_wconf 76' lang='lat' dir='ltr'>cer.</span> <span class='ocrx_word' id='word_1_220' title='bbox 1087 4257 1231 4319; x_wconf 74' lang='lat' dir='ltr'>Mettb.t.</span> <span class='ocrx_word' id='word_1_221' title='bbox 1252 4259 1407 4312; x_wconf 74' lang='lat' dir='ltr'>12etcri.</span> 
     </span>
     <span class='ocr_line' id='line_1_27' title="bbox 266 4344 1407 4417; baseline -0.003 -16"><span class='ocrx_word' id='word_1_222' title='bbox 266 4345 517 4416; x_wconf 65' lang='lat' dir='ltr'>Etailhleqq.</span> <span class='ocrx_word' id='word_1_223' title='bbox 587 4345 621 4400; x_wconf 83' lang='lat'>10</span> <span class='ocrx_word' id='word_1_224' title='bbox 639 4344 672 4401; x_wconf 78' lang='lat' dir='ltr'>ct</span> <span class='ocrx_word' id='word_1_225' title='bbox 690 4345 736 4404; x_wconf 84' lang='lat' dir='ltr'>Pe.</span> <span class='ocrx_word' id='word_1_226' title='bbox 754 4346 834 4415; x_wconf 83' lang='grc'><strong>21,2</strong></span> <span class='ocrx_word' id='word_1_227' title='bbox 907 4345 1242 4417; x_wconf 68' lang='lat' dir='ltr'>reet.1laeg.12,1a</span> <span class='ocrx_word' id='word_1_228' title='bbox 1313 4345 1407 4400; x_wconf 76' lang='grc' dir='ltr'><strong>22Ρε.</strong></span> 
     </span>
     <span class='ocr_line' id='line_1_28' title="bbox 267 4433 366 4502; baseline -0.02 -13"><span class='ocrx_word' id='word_1_229' title='bbox 267 4433 366 4502; x_wconf 77' lang='grc'><strong>50,12</strong></span> 
     </span>
    </p>
   </div>
   <div class='ocr_carea' id='block_1_6' title="bbox 262 4556 1410 5337">
    <p class='ocr_par' dir='ltr' id='par_1_7' title="bbox 300 4556 1410 4634">
     <span class='ocr_line' id='line_1_29' title="bbox 300 4556 1410 4634; baseline 0.001 -22"><span class='ocrx_word' id='word_1_230' title='bbox 300 4557 402 4613; x_wconf 74' lang='lat' dir='ltr'>tbaec</span> <span class='ocrx_word' id='word_1_231' title='bbox 415 4556 526 4617; x_wconf 80' lang='lat' dir='ltr'>termam</span> <span class='ocrx_word' id='word_1_232' title='bbox 541 4557 673 4625; x_wconf 62' lang='lat' dir='ltr'>(cornill</span> <span class='ocrx_word' id='word_1_233' title='bbox 707 4557 836 4634; x_wconf 74' lang='lat' dir='ltr'>biutnrp</span> <span class='ocrx_word' id='word_1_234' title='bbox 847 4557 902 4614; x_wconf 74' lang='grc' dir='ltr'>ΟΔ</span> <span class='ocrx_word' id='word_1_235' title='bbox 941 4557 1060 4613; x_wconf 78' lang='lat' dir='ltr'>biberat</span> <span class='ocrx_word' id='word_1_236' title='bbox 1074 4560 1292 4629; x_wconf 76' lang='lat' dir='ltr'>antepromiesns</span> <span class='ocrx_word' id='word_1_237' title='bbox 1307 4558 1410 4613; x_wconf 52' lang='lat' dir='ltr'>cdd?</span> 
     </span>
    </p>

    <p class='ocr_par' dir='ltr' id='par_1_8' title="bbox 262 4638 1409 5337">
     <span class='ocr_line' id='line_1_30' title="bbox 265 4638 1408 4717; baseline 0 -15"><span class='ocrx_word' id='word_1_238' title='bbox 265 4651 327 4702; x_wconf 83' lang='lat' dir='ltr'>erat</span> <span class='ocrx_word' id='word_1_239' title='bbox 339 4651 405 4717; x_wconf 81' lang='lat' dir='ltr'>pest</span> <span class='ocrx_word' id='word_1_240' title='bbox 422 4645 569 4717; x_wconf 79' lang='lat' dir='ltr'>prominens</span> <span class='ocrx_word' id='word_1_241' title='bbox 587 4645 653 4700; x_wconf 74' lang='lat' dir='ltr'>adai.</span> <span class='ocrx_word' id='word_1_242' title='bbox 672 4645 705 4699; x_wconf 82' lang='lat' dir='ltr'><em>N</em></span> <span class='ocrx_word' id='word_1_243' title='bbox 750 4647 830 4717; x_wconf 74' lang='lat' dir='ltr'>inb]</span> <span class='ocrx_word' id='word_1_244' title='bbox 849 4644 884 4701; x_wconf 83' lang='lat' dir='ltr'>ari</span> <span class='ocrx_word' id='word_1_245' title='bbox 903 4646 940 4701; x_wconf 76' lang='grc' dir='ltr'><em>Μ</em></span> <span class='ocrx_word' id='word_1_246' title='bbox 975 4638 1003 4702; x_wconf 79' lang='grc'>’7</span> <span class='ocrx_word' id='word_1_247' title='bbox 1022 4647 1166 4717; x_wconf 86' lang='lat' dir='ltr'>inciperet]</span> <span class='ocrx_word' id='word_1_248' title='bbox 1185 4646 1251 4702; x_wconf 72' lang='lat' dir='ltr'>aaa.</span> <span class='ocrx_word' id='word_1_249' title='bbox 1268 4647 1408 4703; x_wconf 81' lang='lat' dir='ltr'>remittere</span> 
     </span>
     <span class='ocr_line' id='line_1_31' title="bbox 265 4733 1406 4806; baseline 0.001 -15"><span class='ocrx_word' id='word_1_250' title='bbox 265 4736 348 4806; x_wconf 79' lang='lat' dir='ltr'>(sort.</span> <span class='ocrx_word' id='word_1_251' title='bbox 362 4736 420 4802; x_wconf 64' lang='lat' dir='ltr'>sat)</span> <span class='ocrx_word' id='word_1_252' title='bbox 433 4733 465 4788; x_wconf 87' lang='lat' dir='ltr'><em>N</em></span> <span class='ocrx_word' id='word_1_253' title='bbox 514 4733 614 4789; x_wconf 72' lang='lat' dir='ltr'>donus</span> <span class='ocrx_word' id='word_1_254' title='bbox 627 4750 679 4792; x_wconf 82' lang='lat' dir='ltr'>orer.</span> <span class='ocrx_word' id='word_1_255' title='bbox 694 4734 725 4788; x_wconf 86' lang='lat' dir='ltr'><strong><em>N</em></strong></span> <span class='ocrx_word' id='word_1_256' title='bbox 777 4736 854 4790; x_wconf 84' lang='lat' dir='ltr'>cuiue</span> <span class='ocrx_word' id='word_1_257' title='bbox 868 4735 939 4790; x_wconf 87' lang='lat' dir='ltr'>enim</span> <span class='ocrx_word' id='word_1_258' title='bbox 957 4753 1011 4791; x_wconf 90' lang='lat' dir='ltr'>uon</span> <span class='ocrx_word' id='word_1_259' title='bbox 1028 4735 1209 4806; x_wconf 81' lang='lat' dir='ltr'>respiciuntur</span> <span class='ocrx_word' id='word_1_260' title='bbox 1226 4737 1338 4806; x_wconf 82' lang='lat' dir='ltr'>peccate</span> <span class='ocrx_word' id='word_1_261' title='bbox 1354 4752 1406 4792; x_wconf 79' lang='lat' dir='ltr'>oar.</span> 
     </span>
     <span class='ocr_line' id='line_1_32' title="bbox 263 4822 1406 4894; baseline -0.002 -14"><span class='ocrx_word' id='word_1_262' title='bbox 263 4822 346 4894; x_wconf 78' lang='lat' dir='ltr'>(add.</span> <span class='ocrx_word' id='word_1_263' title='bbox 362 4826 425 4894; x_wconf 67' lang='lat' dir='ltr'>no.)</span> <span class='ocrx_word' id='word_1_264' title='bbox 441 4822 479 4879; x_wconf 70' lang='lat' dir='ltr'><em>H</em></span> <span class='ocrx_word' id='word_1_265' title='bbox 529 4823 707 4894; x_wconf 73' lang='lat' dir='ltr'>icoustitni]</span> <span class='ocrx_word' id='word_1_266' title='bbox 724 4825 812 4894; x_wconf 85' lang='lat' dir='ltr'>possit</span> <span class='ocrx_word' id='word_1_267' title='bbox 829 4824 960 4880; x_wconf 87' lang='lat' dir='ltr'>constitui</span> <span class='ocrx_word' id='word_1_268' title='bbox 977 4824 1006 4878; x_wconf 91' lang='lat' dir='ltr'><strong><em>P</em></strong></span> <span class='ocrx_word' id='word_1_269' title='bbox 1021 4825 1203 4879; x_wconf 83' lang='lat' dir='ltr'>conetitnatcr</span> <span class='ocrx_word' id='word_1_270' title='bbox 1220 4823 1297 4879; x_wconf 66' lang='lat' dir='ltr'>Norat</span> <span class='ocrx_word' id='word_1_271' title='bbox 1354 4825 1406 4878; x_wconf 90' lang='lat' dir='ltr'>ini·</span> 
     </span>
     <span class='ocr_line' id='line_1_33' title="bbox 264 4911 1409 4982; baseline -0.002 -14"><span class='ocrx_word' id='word_1_272' title='bbox 264 4912 408 4982; x_wconf 85' lang='lat' dir='ltr'>micorum]</span> <span class='ocrx_word' id='word_1_273' title='bbox 426 4913 556 4969; x_wconf 86' lang='lat' dir='ltr'>inicorum</span> <span class='ocrx_word' id='word_1_274' title='bbox 573 4911 612 4967; x_wconf 74' lang='grc' dir='ltr'><em>Π</em></span> <span class='ocrx_word' id='word_1_275' title='bbox 627 4913 730 4968; x_wconf 86' lang='lat' dir='ltr'>inimici</span> <span class='ocrx_word' id='word_1_276' title='bbox 748 4928 837 4968; x_wconf 85' lang='lat' dir='ltr'>coram</span> <span class='ocrx_word' id='word_1_277' title='bbox 857 4912 889 4966; x_wconf 82' lang='grc' dir='ltr'><strong><em>Χ</em></strong></span> <span class='ocrx_word' id='word_1_278' title='bbox 989 4911 1103 4968; x_wconf 66' lang='lat' dir='ltr'>eins-0</span> <span class='ocrx_word' id='word_1_279' title='bbox 1191 4912 1225 4968; x_wconf 87' lang='lat'>10</span> <span class='ocrx_word' id='word_1_280' title='bbox 1242 4913 1291 4968; x_wconf 79' lang='lat' dir='ltr'>illa</span> <span class='ocrx_word' id='word_1_281' title='bbox 1309 4928 1361 4968; x_wconf 84' lang='lat' dir='ltr'>orn.</span> <span class='ocrx_word' id='word_1_282' title='bbox 1382 4914 1409 4966; x_wconf 89' lang='lat' dir='ltr'><em>P</em></span> 
     </span>
     <span class='ocr_line' id='line_1_34' title="bbox 264 5000 1404 5068; baseline -0.001 -12"><span class='ocrx_word' id='word_1_283' title='bbox 264 5006 309 5056; x_wconf 82' lang='lat' dir='ltr'>est</span> <span class='ocrx_word' id='word_1_284' title='bbox 325 5016 378 5058; x_wconf 76' lang='lat' dir='ltr'>oar.</span> <span class='ocrx_word' id='word_1_285' title='bbox 396 5000 434 5056; x_wconf 76' lang='lat'><em>1</em></span> <span class='ocrx_word' id='word_1_286' title='bbox 485 5002 519 5057; x_wconf 84' lang='lat'>12</span> <span class='ocrx_word' id='word_1_287' title='bbox 538 5006 566 5056; x_wconf 90' lang='lat' dir='ltr'>et</span> <span class='ocrx_word' id='word_1_288' title='bbox 583 5002 682 5058; x_wconf 60' lang='grc' dir='ltr'>ΜΟ</span> <span class='ocrx_word' id='word_1_289' title='bbox 734 5003 767 5058; x_wconf 84' lang='grc'>13</span> <span class='ocrx_word' id='word_1_290' title='bbox 786 5001 931 5058; x_wconf 79' lang='lat' dir='ltr'>additGA</span> <span class='ocrx_word' id='word_1_291' title='bbox 1004 5006 1148 5057; x_wconf 81' lang='lat' dir='ltr'>acusennto</span> <span class='ocrx_word' id='word_1_292' title='bbox 1167 5007 1245 5068; x_wconf 81' lang='lat' dir='ltr'>(corr.</span> <span class='ocrx_word' id='word_1_293' title='bbox 1263 5004 1312 5056; x_wconf 67' lang='lat' dir='ltr'>eret</span> <span class='ocrx_word' id='word_1_294' title='bbox 1329 5018 1404 5057; x_wconf 76' lang='lat' dir='ltr'>aeus·</span> 
     </span>
     <span class='ocr_line' id='line_1_35' title="bbox 262 5089 1405 5163; baseline 0.001 -18"><span class='ocrx_word' id='word_1_295' title='bbox 262 5090 385 5151; x_wconf 67' lang='lat' dir='ltr'>nummi</span> <span class='ocrx_word' id='word_1_296' title='bbox 401 5090 433 5146; x_wconf 81' lang='lat' dir='ltr'><strong><em>N</em></strong></span> <span class='ocrx_word' id='word_1_297' title='bbox 486 5091 519 5146; x_wconf 78' lang='lat'>14</span> <span class='ocrx_word' id='word_1_298' title='bbox 537 5090 574 5162; x_wconf 86' lang='lat' dir='ltr'>ei]</span> <span class='ocrx_word' id='word_1_299' title='bbox 594 5096 624 5146; x_wconf 84' lang='lat' dir='ltr'>et</span> <span class='ocrx_word' id='word_1_300' title='bbox 640 5091 668 5145; x_wconf 88' lang='lat' dir='ltr'><strong><em>P</em></strong></span> <span class='ocrx_word' id='word_1_301' title='bbox 721 5092 754 5146; x_wconf 84' lang='grc'>17</span> <span class='ocrx_word' id='word_1_302' title='bbox 773 5089 936 5163; x_wconf 76' lang='lat' dir='ltr'>populi&#39;osr.</span> <span class='ocrx_word' id='word_1_303' title='bbox 955 5091 991 5145; x_wconf 81' lang='lat'><em>1</em></span> <span class='ocrx_word' id='word_1_304' title='bbox 1062 5090 1094 5146; x_wconf 83' lang='lat'>18</span> <span class='ocrx_word' id='word_1_305' title='bbox 1112 5091 1210 5146; x_wconf 88' lang='lat' dir='ltr'>robore</span> <span class='ocrx_word' id='word_1_306' title='bbox 1228 5089 1310 5144; x_wconf 76' lang='lat' dir='ltr'>CXX</span> <span class='ocrx_word' id='word_1_307' title='bbox 1326 5094 1405 5158; x_wconf 86' lang='lat' dir='ltr'>(corr.</span> 
     </span>
     <span class='ocr_line' id='line_1_36' title="bbox 262 5178 1405 5247; baseline -0.001 -13"><span class='ocrx_word' id='word_1_308' title='bbox 262 5180 301 5247; x_wconf 79' lang='grc' dir='ltr'>Δ)</span> <span class='ocrx_word' id='word_1_309' title='bbox 368 5179 402 5234; x_wconf 79' lang='grc'>19</span> <span class='ocrx_word' id='word_1_310' title='bbox 420 5179 480 5234; x_wconf 84' lang='lat' dir='ltr'>ioco</span> <span class='ocrx_word' id='word_1_311' title='bbox 497 5178 535 5233; x_wconf 75' lang='lat' dir='ltr'><em>M</em></span> <span class='ocrx_word' id='word_1_312' title='bbox 604 5179 726 5234; x_wconf 88' lang='lat' dir='ltr'>roborem</span> <span class='ocrx_word' id='word_1_313' title='bbox 747 5178 830 5234; x_wconf 84' lang='lat' dir='ltr'>CNX</span> <span class='ocrx_word' id='word_1_314' title='bbox 846 5184 926 5247; x_wconf 81' lang='lat' dir='ltr'>(corr.</span> <span class='ocrx_word' id='word_1_315' title='bbox 944 5181 982 5245; x_wconf 82' lang='grc' dir='ltr'>Δ)</span> <span class='ocrx_word' id='word_1_316' title='bbox 1056 5183 1162 5235; x_wconf 80' lang='lat' dir='ltr'>excuset</span> <span class='ocrx_word' id='word_1_317' title='bbox 1179 5178 1217 5235; x_wconf 72' lang='grc' dir='ltr'><strong><em>Π</em></strong></span> <span class='ocrx_word' id='word_1_318' title='bbox 1286 5178 1323 5235; x_wconf 87' lang='grc'>20</span> <span class='ocrx_word' id='word_1_319' title='bbox 1340 5179 1405 5233; x_wconf 86' lang='lat' dir='ltr'>abo·</span> 
     </span>
     <span class='ocr_line' id='line_1_37' title="bbox 262 5265 1249 5337; baseline -0.002 -14"><span class='ocrx_word' id='word_1_320' title='bbox 262 5266 344 5323; x_wconf 82' lang='lat' dir='ltr'>lenda</span> <span class='ocrx_word' id='word_1_321' title='bbox 360 5266 389 5321; x_wconf 85' lang='lat' dir='ltr'><em>P</em></span> <span class='ocrx_word' id='word_1_322' title='bbox 441 5267 476 5323; x_wconf 79' lang='grc'>22</span> <span class='ocrx_word' id='word_1_323' title='bbox 495 5265 634 5323; x_wconf 82' lang='lat' dir='ltr'>dedicsme</span> <span class='ocrx_word' id='word_1_324' title='bbox 652 5269 706 5336; x_wconf 81' lang='lat' dir='ltr'>(me</span> <span class='ocrx_word' id='word_1_325' title='bbox 724 5270 796 5337; x_wconf 75' lang='lat' dir='ltr'>exp.)</span> <span class='ocrx_word' id='word_1_326' title='bbox 813 5267 849 5321; x_wconf 79' lang='lat' dir='ltr'><em>M</em></span> <span class='ocrx_word' id='word_1_327' title='bbox 920 5267 954 5322; x_wconf 77' lang='grc'>24</span> <span class='ocrx_word' id='word_1_328' title='bbox 972 5272 1091 5322; x_wconf 84' lang='lat' dir='ltr'>ruentem</span> <span class='ocrx_word' id='word_1_329' title='bbox 1109 5270 1201 5335; x_wconf 86' lang='lat' dir='ltr'>(corr.)</span> <span class='ocrx_word' id='word_1_330' title='bbox 1218 5266 1249 5321; x_wconf 67' lang='lat' dir='ltr'>A·</span> 
     </span>
    </p>
   </div>
   <div class='ocr_carea' id='block_1_7' title="bbox 0 0 1642 6434">
    <p class='ocr_par' dir='ltr' id='par_1_9' title="bbox 0 0 1642 6434">
     <span class='ocr_line' id='line_1_38' title="bbox 0 0 1642 6434; baseline 0 5"><span class='ocrx_word' id='word_1_331' title='bbox 0 0 1642 6434; x_wconf 95' lang='lat' dir='ltr'> </span> 
     </span>
    </p>
   </div>
  </div>
 </body>
</html>
