3275 6434
229 997 293 1059 304
626 993 723 1045 Liber
742 993 970 1061 quaestionum

231 1186 361 1272 dignum
384 1195 471 1255 esset
493 1193 549 1252 aut
571 1188 712 1254 debitum
736 1187 786 1252 his
815 1186 972 1266 oboedire,
1001 1207 1134 1270 quorum
1163 1189 1255 1256 nulla
1282 1189 1371 1274 sigua

231 1298 287 1357 aut
312 1293 457 1379 prodigia
486 1293 525 1359 ad
548 1294 853 1360 commendationem
881 1292 1057 1358 diuinitatis
1084 1294 1115 1359 in
1143 1295 1241 1361 rebus
1270 1294 1370 1378 gestis

232 1398 441 1465 exsisterent?

276 1507 306 1570 2.
330 1505 392 1572 Sed
416 1505 519 1571 solent
541 1507 580 1570 ab
603 1504 653 1568 his
677 1503 796 1569 exclusi
819 1502 859 1568 ad
887 1503 1043 1568 elementa
1069 1503 1240 1589 confugere
1268 1504 1369 1569 dicen-

233 1616 282 1677 tes
304 1613 383 1677 lraec
405 1629 440 1676 se
463 1610 575 1688 colore,
599 1629 733 1692 quorum
756 1608 979 1694 gubernaculis
998 1610 1118 1695 regitur
1136 1610 1205 1674 uita
1224 1610 1368 1675 bumana.
1392 1629 1405 1673 a

234 1718 401 1800 aquibus,
424 1720 462 1781 ut
485 1734 589 1801 supra,
612 1715 812 1800 requisimus,
837 1715 863 1781 si
888 1714 1069 1780 mandatum
1094 1720 1144 1781 est
1167 1720 1224 1780 aut
1246 1714 1367 1781 iussum

235 1823 336 1898 adeo,
351 1841 444 1906 quern
464 1822 558 1887 etiam
579 1821 640 1905 ipsi
659 1839 809 1905 maguum
829 1825 862 1886 et
880 1839 1041 1886 summum
1056 1821 1197 1886 fatentur
1217 1825 1251 1886 et
1269 1821 1369 1905 uegle

236 1933 315 2013 gunt
337 1948 418 1994 eum.
442 1929 470 1994 si
494 1928 577 1993 enirn
601 1927 667 1992 lieri
691 1926 793 2005 debet,
818 1928 858 1991 ab
886 1926 941 1993 illo
969 1927 1109 1993 mandari
1137 1927 1290 2010 oportuit,
1319 1927 1369 2010 qui

236 2039 346 2102 auctor
377 2053 484 2100 eornm
512 2034 637 2099 (ficitur.
671 2033 698 2098 si
726 2037 833 2098 autem
862 2034 900 2097 ab
927 2033 984 2098 illo
1013 2033 1196 2098 mandatum
1225 2051 1287 2097 non
1315 2037 1370 2106 est,

237 2139 449 2225 praesumptio
478 2141 528 2205 est
555 2142 587 2203 et
614 2138 654 2202 ad
685 2157 817 2222 poenam
846 2137 997 2220 proficiet,
1028 2157 1086 2203 non
1116 2137 1154 2202 ad
1187 2138 1371 2222 praemium,
1385 2157 1404 2200 ro

238 2245 311 2330 quia
333 2243 372 2310 ad
391 2244 616 2309 contumeliam
635 2244 773 2326 pertinet
790 2242 972 2319 conditoris,
992 2246 1029 2307 ut
1047 2246 1228 2325 contempto
1249 2242 1372 2308 domino

238 2353 382 2417 colantur
416 2349 500 2415 serui
528 2354 560 2414 et
588 2351 694 2430 spreto
727 2349 917 2432 imperatore
945 2348 1113 2414 adorentur
1144 2348 1287 2414 comites.
1315 2366 1372 2429 qno

240 2456 333 2523 modo
356 2454 444 2521 istud
467 2455 645 2538 inpunitum
670 2455 739 2532 erit,
764 2453 848 2537 quod
873 2455 968 2519 etiam
991 2456 1023 2519 in
1048 2455 1106 2519 hae
1124 2454 1193 2519 uita
1213 2454 1372 2530 uindicari,

241 2561 422 2645 etquidem
445 2561 598 2638 acerbius,
621 2560 810 2626 uideamus?

286 2670 317 2733 3.
342 2665 403 2733 Sed
426 2666 506 2730 iorte
524 2666 563 2729 ab
582 2664 633 2731 his
650 2666 730 2748 ipsis
749 2665 914 2731 elementis
933 2664 1039 2730 dicant
1057 2665 1252 2733 mandatum.
1276 2669 1374 2731 osten·
1387 2685 1407 2729 u

243 2775 319 2840 dant
336 2771 452 2838 alieubi
470 2777 683 2854 praeceptum,
702 2772 809 2857 legant
827 2771 994 2854 aliquando
1012 2771 1134 2854 aliquid
1151 2771 1225 2837 illos
1244 2772 1375 2838 locutos.

245 2878 379 2963 quodsi
407 2896 468 2943 uon
497 2877 677 2955 ostendunt,
706 2897 768 2960 qua
794 2897 895 2961 poena
922 2878 1007 2961 digni
1038 2884 1122 2953 sunt,
1152 2877 1205 2960 qui
1234 2883 1375 2943 auctores

245 2988 464 3071 praesumptae
488 2987 521 3049 et
551 2985 703 3049 confictas
735 2985 898 3068 religionis
932 2982 1144 3067 deteguntur?
1176 2982 1276 3047 libera
1307 2987 1377 3048 sunt

247 3112 282 3158 er
309 3092 368 3155 hac
396 3090 559 3172 impietate
583 3092 745 3155 elementa.
770 3091 839 3172 ipsa
863 3091 943 3154 enirn
968 3089 1133 3154 luminaria
1156 3088 1268 3153 muudi
1292 3107 1376 3153 acru-

246 3198 361 3264 sabunt
391 3195 465 3260 illos
492 3201 569 3279 aput
597 3196 733 3261 iudicem
763 3196 867 3272 deum,
897 3195 970 3278 quia
998 3196 1028 3259 in
1056 3195 1114 3259 har
1143 3194 1268 3260 consilii
1296 3194 1414 3258 uani-n

246 3308 311 3369 tate
334 3301 462 3367 minime
485 3320 519 3366 se
538 3306 681 3368 auctores
700 3301 880 3366 ostendunt.
905 3301 1052 3365 similiter
1070 3305 1102 3365 et
1120 3300 1177 3376 illi,
1198 3319 1290 3382 quos.
1310 3319 1378 3365 cunr

247 3411 370 3474 constet
397 3408 540 3472 homines
568 3408 677 3486 fuisse,
705 3407 780 3472 deos
810 3410 1001 3487 nuncupant,
1029 3425 1100 3469 curn
1135 3406 1297 3486 coeperint
1328 3424 1379 3488 pro

247 3513 386 3596 peccatis
410 3513 477 3577 suis
501 3512 643 3589 cruciari,
662 3513 694 3575 in
714 3512 771 3575 lrac
791 3515 879 3594 parte
900 3512 1027 3574 minime
1047 3530 1080 3574 se
1099 3528 1169 3575 reos
1189 3528 1261 3575 esse
1280 3511 1380 3575 deien-

248 3618 323 3684 dent
349 3619 379 3682 in
412 3619 469 3682 hos
493 3619 609 3683 crimen
634 3619 692 3682 boc
715 3623 944 3699 retorquentes,
969 3617 1084 3698 quibus
1108 3635 1180 3680 cum
1209 3636 1270 3681 uon
1300 3635 1381 3680 man-

248 3724 386 3797 dassent,
411 3733 447 3786 ut
471 3723 545 3788 deos
569 3723 641 3787 illos
661 3723 762 3787 colere
786 3727 968 3804 coeperunt.
1396 3742 1420 3784 aa

293 3832 323 3894 4.
348 3830 450 3913 lgitur
480 3849 540 3911 quo
569 3829 686 3912 pudore
721 3827 812 3892 fidem
847 3833 986 3893 nostram
1016 3825 1304 3909 reprehendendam
1331 3831 1383 3890 aut

339 4038 356 4091 9
376 4035 409 4094 ai.
429 4036 496 4093 Gen.
517 4036 540 4099 1,
560 4036 664 4090 lt-re

162 4154 253 4215 des-F
287 4160 303 4214 6
322 4159 487 4229 requiremus
508 4157 542 4220 G,
561 4162 651 4225 (corr.)
670 4159 696 4211 A
773 4159 788 4211 'l
809 4158 890 4211 etiam
910 4157 973 4226 ipsi]
992 4158 1051 4225 ipse
1070 4156 1151 4210 etiarn
1169 4156 1239 4225 (ipse
1258 4171 1329 4209 corr.
1348 4156 1385 4218 A)

253 4247 305 4301 Ga
379 4248 440 4316 ipsi]
460 4248 547 4316 ipram
565 4245 598 4299 N
611 4247 671 4314 ipse
691 4245 720 4297 X
773 4246 878 4315 ditari]
899 4245 963 4299 iarri
982 4245 1124 4310 (corr.)N
1200 4243 1259 4313 qui]
1281 4241 1387 4311 quiaC

254 4336 287 4389 10
305 4341 505 4406 praesumptum
525 4335 551 4388 P
638 4334 823 4402 proficientO
904 4334 935 4386 13
955 4331 1070 4385 uita-N
1144 4332 1176 4384 15
1195 4331 1263 4401 ipsis
1282 4347 1334 4385 orn.
1353 4329 1386 4384 lt

253 4423 398 4477 ostendent
416 4422 449 4476 N
499 4423 532 4478 16
550 4421 657 4476 locutus
678 4421 730 4475 OE
784 4421 815 4474 18
834 4418 1013 4489 resumpteG
1063 4417 1202 4486 religionis
1221 4417 1386 4488 deteguntur

252 4510 338 4565 libera
364 4515 429 4565 sunt
456 4526 486 4565 er
514 4512 564 4566 lrac
591 4510 731 4581 impietate
759 4525 810 4564 om.
834 4508 864 4560 Χ
960 4507 1123 4575 deteguntur
1144 4509 1190 4574 (eg
1212 4507 1244 4559 in
1266 4509 1336 4575 ror.)
1358 4504 1388 4558 N

252 4597 347 4668 libera}
371 4599 471 4652 etenim
494 4598 559 4652 add.
582 4597 610 4651 P
699 4597 731 4651 19
754 4597 813 4666 ipse
837 4595 871 4649 Μ
894 4595 1002 4664 ipsoO
1088 4593 1123 4646 ‘20
1147 4592 1313 4646 accusabant
1330 4593 1385 4646 Nx

253 4685 388 4740 dominurn
408 4686 435 4740 P
485 4686 517 4739 21
539 4683 686 4740 ostendent
703 4685 730 4739 P
801 4701 860 4738 curn
879 4699 930 4736 om.
952 4683 980 4734 X
1033 4681 1067 4735 ‘22
1086 4682 1231 4750 caeperunt
1252 4678 1276 4732 0
1292 4696 1385 4750 coepe·

253 4779 316 4827 rant
332 4776 413 4842 (sort.
432 4781 512 4838 corr.)
532 4774 563 4828 N
632 4774 675 4826 ’21
693 4773 752 4842 bos]
771 4774 823 4827 hoc
841 4773 872 4825 X
950 4771 1001 4825 boc
1019 4787 1071 4825 orn.
1089 4768 1121 4822 N
1189 4768 1224 4822 26
1244 4767 1384 4838 repreben-

254 4860 315 4915 dam
334 4867 425 4928 (corr.)
444 4860 478 4914 11
