3275 6434
317 953 382 1014 350
711 945 810 999 Liber
829 945 1060 1013 quaestionum

317 1158 409 1225 opere
437 1158 495 1205 suo
525 1139 688 1204 destructa
717 1154 848 1221 rognum
877 1135 938 1201 eibi
968 1135 1107 1201 ablatum
1136 1134 1225 1217 queri
1253 1153 1315 1199 non
1345 1135 1453 1216 possit.

317 1245 464 1329 quamuis
487 1244 569 1310 onim
592 1241 698 1309 omnia
719 1242 823 1326 possit
845 1242 935 1319 dous,
958 1239 1038 1306 nihil
1061 1244 1167 1304 tamen
1194 1238 1275 1305 iacit
1301 1237 1389 1322 quod
1415 1239 1454 1303 sit

315 1351 428 1418 rationi
451 1349 632 1417 absurdum.
654 1347 811 1414 iustitiam
835 1347 918 1413 enirn
948 1365 1043 1428 qnam
1072 1345 1180 1430 exigit,
1210 1344 1292 1409 hanc
1320 1348 1357 1410 et
1381 1344 1454 1409 iacit

315 1475 375 1522 non
399 1472 602 1538 praesumens
625 1453 663 1518 de
685 1456 852 1537 potestate.

360 1563 390 1626 2.
412 1560 529 1644 Magna
560 1562 609 1626 eet
639 1559 739 1644 igitur
770 1556 966 1641 prouidentia
990 1575 1063 1641 erga
1086 1574 1186 1640 genus
1209 1553 1398 1632 humanum,
1420 1559 1452 1620 ut
1475 1574 1486 1618 ι

314 1666 472 1733 iustitiam
495 1683 624 1739 seruans
648 1665 695 1729 sic
718 1682 856 1746 eaquae
883 1663 966 1728 inste
990 1663 1116 1727 decreta
1138 1666 1226 1726 erant
1255 1659 1399 1725 solueret
1424 1665 1452 1724 et

315 1771 473 1837 hominem
497 1790 516 1836 a
538 1775 638 1834 morte
661 1775 793 1846 erueret,
816 1787 1007 1853 quamquam
1031 1787 1091 1833 non
1115 1767 1261 1832 inmerito
1284 1770 1451 1832 teneretur.

314 1876 372 1943 sed
389 1877 464 1960 qnia
480 1875 600 1941 inuidia
617 1875 769 1958 deceptus
787 1874 891 1940 fuerat
908 1873 1036 1950 diaboli,
1055 1873 1175 1939 iustum
1198 1872 1262 1938 fuit
1283 1871 1360 1937 huic
1383 1871 1451 1936 sub-

316 1983 426 2048 ueniri.
454 1981 504 2047 dei
528 1981 609 2046 enirn
638 1980 794 2046 sententia
815 1978 990 2057 tenebatur,
1015 1978 1070 2044 sed
1092 1978 1153 2044 hoc
1177 1981 1327 2059 operatus
1352 1976 1451 2042 fuerat

314 2091 449 2153 saunas.
465 2087 546 2152 unde
560 2087 645 2152 siout
662 2086 783 2151 iustum
801 2086 907 2150 uisum
927 2087 978 2150 est
993 2085 1077 2149 hunc
1096 2102 1214 2162 eruere,
1232 2083 1278 2148 itu
1297 2083 1449 2149 iniustum
1465 2099 1487 2142 ιι

315 2197 382 2257 erat
407 2210 464 2275 per
490 2191 660 2274 potentiam
688 2192 749 2257 hoc
776 2192 877 2256 iacere
904 2191 1048 2256 neclecta
1069 2189 1200 2255 iustitia
1231 2189 1341 2255 uictus
1371 2190 1449 2254 eninr

313 2298 407 2363 horno
443 2297 597 2363 suadente
633 2295 768 2373 diabolo,
803 2300 838 2360 ut
875 2294 1120 2360 misericordiam
1157 2295 1327 2377 acciperet.¹
1363 2296 1449 2376 quusi

314 2406 478 2468 aecusator
505 2401 648 2467 diabolus
676 2399 918 2466 contradicebat
942 2399 1025 2466 unde
1047 2400 1081 2465 id
1104 2403 1209 2465 aetum
1233 2405 1294 2477 est,
1319 2403 1359 2464 ut
1381 2400 1449 2477 iste,

314 2508 426 2591 quiin
454 2510 582 2590 peceato
611 2506 747 2571 hominis
771 2507 972 2590 gloriabatur,
994 2525 1127 2590 peccans
1155 2504 1449 2588 deprehenderetur,

313 2617 350 2678 ut
368 2622 444 2677 tunc
463 2612 588 2677 demum
602 2630 674 2676 reus
689 2612 792 2676 sactus
807 2611 1019 2676 contradicere
1033 2630 1094 2676 non
1108 2608 1246 2675 auderet
1264 2610 1311 2674 sic
1331 2610 1447 2676 factum
1463 2624 1486 2668 ιι

313 2722 416 2782 estut
440 2717 489 2781 dei
514 2716 597 2783 filius
620 2717 714 2782 homo
738 2721 918 2783 nasceretur
941 2724 973 2782 et
996 2717 1149 2781 iustitiam
1174 2716 1362 2798 praedicans
1387 2716 1447 2781 dia·

311 2822 421 2888 bolum
438 2823 593 2900 incitaret,
613 2826 739 2906 proptor
761 2821 846 2905 quod
863 2822 1006 2888 homines
1027 2842 1042 2886 a
1061 2821 1151 2886 uitiis
1170 2822 1239 2886 eius
1259 2821 1446 2905 prohiberet

311 2929 356 2994 its
379 2933 469 2994 utet
491 2928 649 2995 occideret
671 2948 743 2994 eum
766 2929 821 3011 qui
843 2933 1007 3011 peccatum
1031 2927 1201 2994 nesciebat.

356 3036 386 3098 3.
420 3034 507 3099 Tune
540 3052 688 3116 peccasse
721 3036 753 3097 et
784 3034 913 3118 grunitu
941 3033 1079 3115 quidem,
1107 3052 1201 3115 quam
1230 3034 1325 3099 homo
1355 3054 1444 3117 quern

311 3141 490 3214 accusabat,
523 3140 671 3204 inuentus
704 3145 762 3205 est.
797 3158 868 3203 eum
900 3139 981 3204 enim
1015 3159 1050 3205 er
1078 3139 1128 3205 dei
1161 3140 1286 3205 decreto
1318 3145 1484 3224 proptera

310 3249 473 3327 peccatum
503 3245 661 3309 hominem
689 3245 751 3309 sibi
778 3245 962 3325 eradicaret,
986 3247 1060 3329 quia
1083 3247 1136 3329 qui
1165 3249 1275 3329 peccat
1297 3265 1335 3311 ex
1359 3251 1445 3329 parte

311 3349 427 3414 diaboli
451 3356 510 3425 est,
535 3350 683 3415 inuentus
707 3354 756 3415 est
778 3352 850 3433 plus
874 3370 1031 3433 peccasse,
1060 3351 1184 3434 quando
1208 3371 1281 3416 eum
1305 3353 1444 3434 quinon

309 3459 494 3536 peccauerat
529 3455 696 3530 interfecit,
737 3459 774 3519 ut
810 3456 872 3519 sibi
908 3459 1083 3538 usurparet
1116 3475 1171 3540 per
1202 3462 1338 3523 mortem
1372 3477 1444 3541 orgo

308 3559 401 3623 morti
424 3559 569 3624 interitus
593 3560 786 3624 subintrauit
808 3564 849 3636 et,
879 3562 915 3624 ut
942 3561 1072 3642 sanguis
1098 3566 1348 3644 recuperaretur.
1377 3582 1444 3628 san·

308 3665 380 3748 guis
400 3664 518 3728 effusus
538 3668 597 3740 est,
616 3665 699 3746 qnia,
719 3669 754 3730 ut
773 3665 846 3742 dixi,
867 3684 962 3744 murs,
981 3667 1036 3749 qui
1054 3671 1105 3732 est
1122 3668 1276 3748 diabolus,
1296 3670 1443 3751 qnoniam
1461 3679 1485 3723 ὅ

307 3786 456 3850 peccasse
479 3770 509 3833 in
537 3775 667 3834 mortem
697 3770 865 3836 saluatoris
893 3772 1042 3838 inuentus
1071 3777 1129 3852 est,
1159 3775 1346 3859 sangninem
1374 3776 1444 3840 eius

308 3891 379 3938 eum
412 3875 551 3939 oninium
580 3881 721 3940 nostrum
750 3877 867 3950 amisit.
895 3878 979 3959 qnia,
1008 3879 1091 3942 sicut
1122 3899 1178 3960 per
1209 3900 1306 3945 uuum
1342 3881 1443 3947 Adam

306 3986 485 4060 peccantem
511 4000 618 4045 omues
643 3983 672 4044 iu
694 3985 791 4046 morte
811 3984 948 4059 tenebat,
975 3986 1019 4047 ita
1043 4005 1211 4066 perunum
1232 4005 1291 4050 non
1312 4006 1442 4070 peccun-

394 4217 427 4270 18
447 4215 480 4270 of.
500 4216 527 4272 11
546 4219 605 4274 Cor.
625 4220 650 4285 5,
669 4220 701 4272 21
757 4220 790 4273 27
811 4222 844 4276 cs.
864 4222 876 4275 1
896 4225 956 4278 Cor.
979 4226 1018 4285 15,
1037 4224 1073 4278 22

339 4355 412 4409 tuit
430 4359 538 4428 rationi]
557 4360 722 4414 aitruditioni
743 4360 848 4417 cm
884 4365 961 4418 dest
979 4365 1054 4434 (add.
1073 4384 1094 4421 e.
1114 4368 1144 4435 l.)
1163 4369 1295 4422 iustitiam
1315 4369 1349 4422 Ν
1398 4389 1442 4425 cs·

306 4441 363 4511 egit
378 4442 428 4497 CX
481 4451 509 4499 ot
526 4447 647 4502 ernsM
680 4448 886 4519 eprouidentia
899 4468 950 4507 om.
964 4453 997 4505 A·
1029 4453 1144 4525 dquse]
1164 4456 1260 4524 qusX
1308 4458 1393 4512 ducto
1408 4459 1443 4513 Π

304 4533 441 4585 noluerent
459 4535 550 4603 (corr.)
569 4535 603 4588 M
674 4538 814 4592 inrueret
833 4557 849 4592 s
868 4549 953 4595 rnorte
970 4541 1023 4596 ΟΔ
1077 4544 1324 4614 Squi(oorr.)d1
1394 4546 1439 4600 de·

304 4629 395 4688 septas
414 4624 506 4688 (corr.)
524 4623 560 4677 Μ
605 4626 633 4676 ll
655 4625 792 4681 iniustitia
810 4626 841 4679 N
889 4630 921 4682 12
940 4631 1116 4700 acciperitdd
1167 4633 1199 4687 13
1217 4633 1319 4704 utum]
1339 4634 1440 4689 sactum

303 4705 439 4775 (corruo
493 4713 524 4765 15
544 4712 631 4766 iactus
650 4728 710 4766 reus
732 4713 784 4768 ΘΑ
834 4717 864 4770 16
884 4722 981 4772 otone.
1001 4717 1031 4770 N
1073 4720 1107 4773 23
1127 4720 1303 4776 interficitX
1356 4723 1391 4778 24
1410 4729 1441 4777 nt

302 4811 353 4850 our.
377 4797 399 4852 C
451 4799 485 4852 25
499 4797 569 4869 ‘quis
587 4801 626 4871 ut]
647 4803 691 4871 qni
711 4808 759 4856 aut
777 4803 813 4857 Μ
864 4805 899 4860 26
917 4814 1004 4861 morte
1023 4807 1083 4862 edd.
