3275 6434
638 1532 725 1597 42
1473 1526 1676 1584 Liber
1709 1527 2167 1598 quaestionum

638 1720 971 1804 aliquando
1024 1718 1321 1805 ignoscit,
1374 1715 1711 1802 aliquando
1765 1717 2080 1796 irascitur,
2135 1717 2473 1803 aliquando
2526 1717 2738 1785 reddit
2792 1736 2916 1784 non

638 1829 938 1910 quantum
985 1824 1161 1911 digni
1214 1827 1388 1901 sunt3
1436 1822 1659 1890 suffert
1701 1822 1869 1889 enim
1912 1841 2043 1902 eos,
2089 1825 2166 1889 ut
2215 1823 2348 1890 sint
2400 1824 2511 1906 qui
2561 1822 2914 1908 proficiant.

633 1930 735 1996 lex
770 1930 955 2007 enim,
994 1930 1142 2013 quia
1183 1947 1255 1995 se
1296 1929 1502 2012 ipsam
1548 1927 1794 1996 mollire
1838 1947 1960 1995 non
1997 1930 2228 2013 potest,
2267 1946 2307 1993 a
2340 1927 2523 1994 nobis
2557 1927 2916 2014 mitiganda

633 2038 754 2115 est,
797 2039 873 2101 ut
913 2035 1120 2120 possit
1159 2034 1460 2119 prodesse
1506 2032 1626 2100 sub
1674 2053 1743 2100 se
1788 2033 2142 2119 agentibus.
2191 2033 2296 2100 bic
2340 2051 2488 2120 ergo
2532 2034 2751 2100 iustus
2787 2053 2912 2101 nou

634 2144 736 2207 est
779 2142 1073 2220 multum,
1123 2141 1230 2224 qui
1274 2140 1378 2207 dei
1421 2140 1707 2206 imitator
1748 2142 1869 2207 est.
2974 2157 3004 2202 ο

632 2346 797 2412 XVI.
828 2344 1108 2426 QUABE
1136 2344 1551 2424 ANGELUS,
1582 2344 1732 2426 QUI
1756 2345 1850 2412 m
1887 2345 2034 2411 UIA
2063 2344 2478 2413 occmmm
2513 2343 2909 2414 UOLEBAT

712 2450 1080 2527 MOYSEN,
1111 2448 1772 2518 CIRCUMCISIONE
1796 2449 2193 2518 INFANTIS
2222 2450 2601 2519 PACATUS
2626 2450 2831 2518 EST?

727 2591 783 2656 l.
811 2588 997 2670 Quod
1032 2590 1168 2656 sine
1206 2589 1470 2657 consilio
1498 2590 1757 2675 Moyses
1793 2590 2030 2656 fecerat
2066 2591 2434 2675 apparentia
2458 2589 2910 2658 comminantis

631 2696 840 2783 angeli
867 2695 1246 2762 emendauit.
1286 2695 1554 2779 denique
1580 2695 1828 2775 uidens,
1858 2695 2027 2779 quod
2054 2714 2168 2779 per
2200 2694 2665 2782 neglegentiam
2701 2695 2915 2761 fuerat

629 2803 1167 2886 praetermissum,
1240 2801 1523 2868 cessauit
1593 2799 1673 2865 ab
1744 2801 1857 2868 ira.
1930 2799 2165 2866 idcirco
2229 2818 2380 2887 ergo
2442 2799 2537 2867 sic
2596 2799 2908 2866 infestum
2948 2817 3001 2861 ιο

630 2906 928 2992 angelum
972 2907 1038 2972 in
1088 2925 1158 2973 se
1203 2906 1369 2973 uidit
1420 2906 1678 2992 Moyses
1734 2909 1797 2971 et
1850 2909 2142 2990 paratum
2198 2904 2278 2971 ad
2332 2904 2702 2986 uindictam,
2759 2904 2912 2989 quia

625 3011 749 3079 uiri
794 3011 1090 3077 sublimis
1137 3012 1325 3095 culpa
1368 3029 1560 3096 graue
1597 3015 1933 3094 peccatum
1978 3013 2096 3075 est.
2145 3013 2382 3093 quanto
2430 3011 2597 3076 enim
2644 3027 2912 3095 persona

629 3116 767 3182 eius
794 3117 1198 3202 suspicabilis
1219 3121 1337 3195 est,
1357 3120 1532 3182 tanto
1553 3117 1761 3202 magis
1778 3116 1921 3182 leue
1942 3115 2247 3183 delictum
2265 3115 2402 3182 eius
2425 3115 2907 3183 acerbissimum

630 3225 732 3288 est
747 3226 1100 3307 peccatum.
1133 3222 1435 3307 pergebat
1459 3223 1673 3306 itaque
1701 3222 1781 3288 ad
1800 3221 1965 3288 filios
1984 3221 2225 3288 Israhel
2251 3221 2490 3288 missus
2510 3239 2547 3286 a
2574 3221 2691 3288 deo
2707 3221 2908 3287 Abra-

625 3326 743 3393 hae
770 3330 837 3394 et
862 3329 1119 3413 signum
1142 3327 1428 3394 iustitiae
1447 3327 1734 3393 Abrahae
1761 3345 1882 3393 non
1911 3327 2172 3404 ferebat,
2203 3327 2265 3392 in
2295 3345 2420 3409 quo
2449 3326 2706 3410 gloriari
2747 3326 2901 3392 seie-
2943 3345 2989 3388 ιι

623 3432 736 3498 bat
761 3433 1052 3512 Iudaeos,
1080 3436 1157 3498 ut
1191 3436 1303 3498 aut
1335 3433 1476 3516 ipse
1513 3432 1893 3499 sollicitator
1919 3431 2234 3498 diceretur
2272 3435 2387 3497 aut
2421 3449 2542 3498 uon
2573 3430 2651 3496 ab
2680 3428 2903 3498 eodem

625 3536 742 3604 deo
781 3538 1039 3616 missus,
1066 3538 1177 3621 qui
1202 3537 1519 3604 Abrabam
1547 3538 1845 3623 elegerat.
1882 3537 1947 3603 in
1976 3535 2193 3604 Madia
2220 3537 2386 3604 enim
2415 3537 2710 3603 habitans
2736 3535 2903 3603 filios

624 3662 775 3710 suos
812 3644 1070 3709 minime
1107 3644 1524 3722 circumcidit,
1563 3662 1722 3727 quos
1760 3647 1873 3708 aut
1910 3643 2137 3709 ducere
2174 3661 2391 3710 secum
2428 3643 2509 3709 ad
2534 3642 2901 3728 Aegyptum

623 3766 746 3812 uon
784 3748 1024 3827 debuit,
1054 3749 1163 3832 qui
1192 3752 1434 3815 ceteros
1463 3749 1599 3814 ibat
1630 3747 1779 3815 inde
1817 3747 2102 3827 educere,
2142 3752 2254 3814 aut
2281 3751 2449 3814 certe
2489 3747 2901 3814 circumcisos

623 3852 974 3931 adsumere,
1019 3859 1277 3938 propter
1318 3873 1479 3937 quae
1524 3872 1715 3937 supra
1762 3853 2054 3920 diximus.
2933 3869 2987 3914 so

709 3960 770 4024 2.
799 3957 1039 4025 Seffora
1063 3977 1212 4044 ergo
1239 3977 1396 4025 uxor
1411 3958 1644 4042 Moysi,
1676 3958 1848 4042 quod
1874 3956 2221 4042 conpendio
2249 3956 2536 4041 loquitur
2562 3956 2899 4040 scriptura,

620 4081 742 4130 non
772 4065 1067 4149 ignorans
1095 4082 1220 4148 qua
1238 4083 1431 4129 causa
1457 4064 1596 4129 uiro
1627 4083 1743 4129 suo
1775 4064 2045 4130 infestus
2076 4063 2340 4148 angelus
2361 4060 2719 4143 uidebatur,
2740 4064 2900 4129 acci·

618 4169 799 4253 piens
819 4169 1215 4236 circumcidit
1230 4168 1434 4235 filium
1454 4188 1665 4248 suum,
1686 4173 1752 4234 et
1768 4169 2033 4235 recessit
2051 4168 2338 4254 angelus.
2376 4186 2452 4233 ea
2468 4168 2635 4234 enim
2654 4168 2899 4235 ratione

619 4274 913 4359 mitigata
942 4278 1044 4340 est
1067 4275 1179 4353 ira,
1208 4293 1333 4358 qua
1355 4274 1563 4340 fuerat
1597 4279 1665 4341 et
1699 4292 1981 4340 accensa.
2011 4292 2158 4339 nam
2198 4273 2521 4358 aliquanta
2549 4272 2896 4357 conpendio

618 4380 901 4462 loquitur
945 4382 1275 4464 scriptura,
1322 4390 1484 4464 quae
1530 4379 1942 4466 subintellegi
1978 4379 2124 4446 uult
2160 4398 2234 4445 ex
2268 4380 2595 4464 proposita
2628 4380 2891 4459 ratione,
2930 4397 2984 4443 aa

800 4621 833 4673 6
870 4620 936 4674 οι.
975 4619 1070 4674 Ex.
1108 4621 1160 4687 4,
1199 4621 1283 4676 24.
1322 4621 1392 4674 25

689 4761 723 4814 5
758 4763 842 4813 est
878 4760 996 4829 alt]
1037 4765 1122 4814 est
1155 4761 1239 4828 (in
1274 4763 1411 4827 ras.)
1447 4759 1522 4813 M
1623 4762 1657 4815 6
1696 4761 1787 4830 qui
1825 4777 1927 4815 om.
1966 4747 2089 4814 ΝΖ
2192 4760 2413 4816 uolebat
2447 4761 2505 4814 in
2542 4761 2635 4816 uia
2670 4776 2889 4832 moysen

618 4844 860 4902 occidere
887 4846 1008 4900 NX
1075 4849 1106 4903 7
1137 4848 1536 4903 circumcisione
1573 4848 1802 4903 infantia
1830 4852 2055 4920 pacatus
2093 4851 2179 4903 est
2204 4863 2307 4903 om.
2336 4847 2457 4903 NX
2558 4851 2816 4920 peccatu·
2840 4849 2897 4904 P

617 4930 863 5004 placatus
904 4934 953 4989 G
1124 4935 1159 4989 9
1195 4934 1474 4991 emadauit
1496 4935 1573 4990 Π
1719 4934 1865 5006 quod
1902 4951 2005 4991 on.
2040 4936 2106 4991 X
2139 4934 2293 5004 (add.
2331 4937 2502 5004 Anum)
2683 4937 2753 4994 10
2785 4937 2890 5007 in]

618 5023 770 5077 arida
803 5022 858 5075 P
889 5023 1027 5078 iura
1061 5023 1127 5077 N
1279 5025 1424 5079 sicut
1464 5023 1570 5080 GA
1730 5024 1988 5079 infertum
2029 5023 2089 5095 C,
2108 5024 2171 5079 N
2203 5027 2362 5092 (corr.
2401 5024 2655 5080 infestum
2689 5029 2745 5081 et
2764 5030 2893 5081 4η·

617 5109 910 5177 infeitum),
946 5112 1010 5166 X
1039 5112 1223 5182 (corr.)
1346 5112 1412 5167 12
1449 5113 1580 5167 uiri·
1621 5111 1729 5168 ΟΔ
1764 5115 1947 5181 (con.)
2060 5111 2126 5166 18
2162 5112 2420 5167 delictum
2457 5111 2593 5184 eiua]
2629 5110 2889 5169 delictum

618 5202 705 5252 est
738 5199 856 5253 eius
880 5199 943 5252 X
974 5202 1083 5267 (est
1116 5217 1256 5256 eras.
1291 5200 1343 5256 G
1379 5217 1499 5270 exp.
1537 5201 1612 5268 Δ)
1751 5201 1815 5253 15
1855 5200 2088 5255 abrahae
2125 5217 2226 5256 om.
2260 5195 2427 5254 GNX
2557 5201 2623 5255 17
2663 5201 2893 5272 eligent

620 5283 729 5341 GA
869 5287 1084 5342 madian
1120 5288 1248 5352 ΡΝ,
1286 5288 1586 5343 AuoeBms
1716 5288 1781 5343 21
1824 5288 2053 5358 sephora
2088 5288 2145 5343 P
2173 5287 2389 5359 sepsora
2420 5287 2572 5344 Bau?
2721 5287 2889 5360 moysi

615 5390 746 5427 uxor
780 5373 835 5426 P
935 5365 1007 5430 24'
1044 5379 1129 5430 est
1164 5392 1267 5430 om.
1309 5376 1356 5429 0
1460 5376 1529 5430 25
1566 5391 1627 5429 ex
1665 5376 1963 5445 proposita]
2003 5375 2247 5446 exposita
2281 5374 2346 5429 N
