3275 6434
582 1421 656 1492 cap.
672 1421 773 1478 xcs11
792 1421 905 1478 ιιι-ιο.
1247 1428 1313 1491 185

183 1613 417 1682 irdiilereutism
446 1616 582 1693 doceret.
605 1634 686 1700 opus
714 1617 847 1699 spiritus
873 1617 976 1683 sauoti
1008 1617 1103 1682 isium
1133 1637 1203 1684 osso
1233 1637 1315 1701 opus

182 1720 325 1787 ostendit.
348 1723 380 1787 et
402 1724 440 1787 ut
460 1712 678 1789 masiisstarst
695 1722 770 1805 quis
787 1720 899 1799 soiius,
920 1726 1072 1805 quantum
1091 1723 1130 1788 ad
1145 1742 1313 1807 personam

181 1826 324 1910 pertinet,
361 1826 492 1910 spiritus
528 1826 627 1892 sauoti
664 1844 744 1910 opus
777 1832 841 1893 est:
875 1827 973 1893 liaeo
1006 1832 1140 1893 autom
1173 1831 1311 1894 omuia.

180 1931 288 2014 iuquit,
311 1935 620 2016 operaturuuus
638 1931 766 2016 adque
784 1932 889 1999 idem
915 1933 1093 2016 spiritus
1117 1934 1314 2000 diuideus

158 2037 242 2102 ruui
267 2037 416 2121 suique
439 2041 561 2120 prout
586 2038 685 2104 uult
713 2038 784 2103 ideo
812 2042 918 2121 ‘prout
940 2039 1031 2117 uult,
1060 2040 1135 2121 quia
1162 2041 1312 2104 uoluntas

180 2142 244 2207 eius
267 2141 418 2208 uoluntas
440 2146 491 2210 est
513 2141 573 2208 dei.
600 2161 660 2208 nou
689 2142 772 2208 euim
799 2143 879 2208 dixit
900 2147 1005 2225 ‘prout
1028 2144 1101 2208 uult
1130 2144 1230 2223 dsue‚'
1258 2145 1315 2209 sed

181 2249 282 2330 ‘orout
307 2248 381 2314 uult
400 2248 553 2333 spiritus’.
584 2252 727 2313 creatura
759 2249 840 2314 onim
874 2249 960 2334 cogit
991 2268 1036 2327 se,
1068 2254 1106 2314 ut
1137 2248 1188 2314 dei
1220 2249 1315 2315 faeiat

181 2352 391 2431 uoluntatem
413 2354 545 2437 spiritus
567 2358 674 2419 autom
696 2358 825 2420 sanatas
848 2355 1032 2420 naturaliter
1053 2355 1113 2420 hoo
1136 2355 1216 2422 uult

222 2459 275 2524 20.
284 2459 331 2524 Ut
342 2461 449 2542 aperte
463 2460 569 2526 luoeat
581 2461 657 2543 quia
666 2461 770 2525 omnia
784 2460 916 2543 spiritus
930 2464 1059 2526 sanetus
1069 2465 1226 2544 operatur,
1238 2459 1314 2525 dicit

153 2562 326 2630 rodominus
347 2563 431 2631 iuter
451 2568 569 2631 oeten:
594 2566 627 2630 si
655 2565 758 2630 onim
786 2584 857 2649 ogo
886 2565 920 2630 iu
952 2564 1084 2649 digito
1118 2565 1180 2630 dsi
1210 2565 1314 2630 sisio

183 2668 364 2736 demonia
386 2671 420 2734 et
441 2672 553 2737 cetera.
578 2670 721 2755 ⁴digitum
751 2670 799 2736 dei
828 2670 967 2754 appellat
989 2671 1135 2753 spiritum
1161 2675 1317 2747 sinotum,

181 2778 218 2839 ut
237 2773 352 2858 probet
371 2773 456 2840 huus
474 2773 590 2840 dedeo
609 2792 688 2841 esse.
707 2774 841 2857 donique
858 2773 1003 2851 ludaeos,
1023 2775 1077 2858 qui
1101 2793 1173 2839 oum
1192 2775 1224 2839 iu
1244 2774 1315 2839 Bel·

180 2879 281 2945 sebub
305 2878 406 2945 eioere
432 2879 577 2946 demonia
608 2878 764 2955 dicebaut,
791 2880 824 2944 iu
852 2882 996 2945 sanetum
1026 2879 1174 2963 spiritum
1202 2879 1317 2945 blasio·

181 3002 285 3051 messe
306 2987 445 3050 testum
467 2990 527 3050 est.
544 2985 673 3068 Moyses
692 3002 818 3068 qaoque
839 2984 914 3067 quia
930 3003 987 3069 per
1004 2985 1152 3068 spiritum
1171 2988 1316 3050 sanctum

125 3091 273 3175 resigna
297 3089 445 3169 iaoiebat,
476 3089 664 3157 ooutiteutur
692 3091 777 3175 mugi
808 3090 963 3155 dioeutss:
992 3090 1136 3174 digitus
1169 3088 1228 3155 dei
1258 3094 1316 3154 est-

182 3194 249 3262 iis
269 3214 343 3260 uam
366 3197 400 3261 et
415 3194 447 3260 iu
469 3195 560 3261 dotis
582 3195 808 3279 Apostolorum
830 3195 983 3279 legimus:
1007 3194 1318 3261 dessruientibus

184 3304 305 3367 auteur
347 3300 403 3366 eis
443 3303 481 3366 et
520 3301 781 3366 ieiunantibus
829 3301 976 3367 domino
1018 3301 1114 3366 dixit
1154 3301 1318 3385 spiritus

185 3410 352 3473 sanetus:
370 3409 570 3492 segregato
594 3406 686 3471 milri
705 3407 900 3471 Barnabas
919 3410 956 3472 et
974 3405 1128 3473 Saulurn
1147 3406 1191 3471 ad
1210 3425 1317 3490 opus,

185 3510 278 3593 quod
299 3510 436 3578 uocaui
455 3530 527 3577 eos.
546 3528 618 3577 ecoe
636 3513 775 3578 seruitur
792 3512 930 3591 domiuo,
950 3517 982 3576 et
999 3514 1059 3578 lroo
1077 3512 1209 3594 spiritus
1228 3529 1318 3576 sano·

117 3638 170 3680 m
185 3620 232 3683 tus
244 3616 308 3683 siti
323 3616 466 3683 uiudioat
477 3652 520 3665 -
535 3616 619 3682 urdo
637 3616 803 3683 manifeste
822 3621 952 3700 apparet
970 3617 1053 3682 huus
1070 3635 1139 3682 esse
1154 3616 1316 3682 domiuum

186 3723 264 3789 siout
285 3727 320 3788 et
337 3722 432 3788 deum
449 3727 571 3807 patrem
585 3746 643 3799 -;
658 3727 691 3788 st
708 3722 841 3789 Saulum
861 3721 1005 3788 christus
1024 3722 1063 3788 de
1082 3722 1169 3788 oaslo
1188 3722 1318 3788 uocauit

187 3831 213 3893 et
231 3828 326 3894 misit
345 3828 535 3912 praedicare,
558 3832 591 3895 et
613 3828 673 3894 troo
695 3829 793 3895 simili
814 3828 909 3895 modo
934 3828 996 3895 sibi
1018 3828 1160 3895 defendit
1185 3829 1319 3912 spiritus

187 3937 310 4000 nuotus
337 3932 486 4000 dicendos
522 3933 564 3998 ad
595 3952 686 4018 opus
712 3933 810 4016 quod
843 3933 980 4000 uocaui
1013 3952 1084 3999 eos.
1122 3952 1192 3999 num
1226 3952 1319 3999 usuro

185 4037 305 4125 ignorat
331 4039 499 4122 episcopos
527 4040 719 4105 saluatorem
746 4039 890 4103 ecelesiis
917 4038 1111 4114 instituisse;
1134 4040 1204 4120 ipse
1234 4038 1317 4103 euim

148 4146 367 4228 aoriueqorm
397 4142 429 4209 ia
460 4142 565 4210 osslos
596 4143 788 4221 ascenderet,
819 4143 972 4227 inpensus
1000 4161 1127 4209 manum
1165 4143 1321 4226 apostolis

184 4249 341 4316 ordinauit
363 4266 418 4314 eos
440 4248 615 4333 episoopos.
638 4249 699 4314 hoo
720 4248 884 4332 apostolus
904 4253 1012 4316 saneto
1031 4248 1158 4331 spiritui
1175 4247 1319 4330 deputat,

270 4487 399 4545 dicor.
420 4490 462 4557 12,
482 4490 513 4543 ll
573 4486 606 4542 10
623 4486 687 4544 Lus.
704 4487 745 4556 11,
760 4488 795 4543 20
851 4486 1321 4554 lsel.llatolr.12,31.32.lsare.

178 4577 325 4641 &2280
388 4577 486 4631 1521.
505 4576 531 4639 8,
551 4576 584 4631 19
603 4574 658 4661 (ld)
723 4576 834 4632 ldltct.
856 4576 932 4640 18‚2
996 4575 1028 4629 21
1050 4575 1084 4629 ci.
1103 4575 1164 4629 Aet
1183 4575 1208 4640 9,
1226 4575 1251 4628 4.
1273 4575 1320 4636 ltu

178 4663 562 4740 s2‚‘1.8.15;2s‚14,1s
615 4663 830 4725 silicolus

117 4816 134 4871 ⁰
218 4836 317 4891 dideo
335 4839 416 4908 prout
433 4836 494 4890 uult
512 4851 563 4890 ose.
582 4834 618 4889 Μ
670 4836 814 4890 desuetus
833 4851 885 4891 oros.
904 4835 940 4889 Μ
1015 4850 1077 4904 spes
1095 4833 1124 4888 X
1180 4834 1321 4889 deluscat

183 4926 256 4981 osni.
272 4923 455 4994 mouit
492 4925 523 4978 ll
543 4923 660 4994 digitum
679 4923 735 4994 dei]
754 4923 812 4994 digi
829 4923 867 4977 Μ
902 4924 935 4978 12
953 4921 1035 4992 huus]
1052 4921 1129 4976 illurn
1148 4923 1180 4975 N
1213 4922 1246 4976 13
1265 4928 1321 4975 stur

186 5021 244 5082 sfr-
262 5012 298 5067 Μ
314 5012 359 5084 (iso
375 5013 442 5079 ree.)
536 5012 570 5065 14
587 5027 636 5082 per
653 5011 717 5082 quir
734 5028 783 5082 per
799 5010 837 5065 Μ
931 5016 986 5064 adar
1004 5016 1063 5080 spru
1081 5009 1115 5063 N
1206 5010 1239 5063 15
1257 5024 1320 5063 eou-

187 5101 295 5156 tteates
311 5100 347 5155 Μ
403 5098 448 5153 dic
466 5101 509 5152 est
524 5099 559 5152 Ν
597 5100 630 5177 lit
647 5102 771 5153 seruetur
789 5098 872 5154 ONF
921 5097 975 5154 sibi
992 5102 1038 5168 eps
1056 5103 1098 5150 eds
1119 5095 1146 5150 Χ
1184 5096 1216 5150 21
1236 5095 1321 5163 sieutl

190 5205 239 5246 aar.
257 5187 294 5242 Μ
372 5190 401 5242 et
416 5185 531 5241 eieutC
617 5187 652 5240 24
670 5187 812 5257 episeopus
829 5186 866 5240 Μ
954 5186 988 5241 26
1007 5185 1148 5254 episcopos
1165 5183 1245 5254 (sorr.
1264 5183 1322 5252 epi·

191 5274 349 5348 mli!
