<?xml version="1.0" encoding="UTF-8"?>
<!DOCTYPE html PUBLIC "-//W3C//DTD XHTML 1.0 Transitional//EN"
    "http://www.w3.org/TR/xhtml1/DTD/xhtml1-transitional.dtd">
<html xmlns="http://www.w3.org/1999/xhtml" xml:lang="en" lang="en">
 <head>
  <title>
</title>
<meta http-equiv="Content-Type" content="text/html;charset=utf-8" />
  <meta name='ocr-system' content='tesseract 3.04.00' />
  <meta name='ocr-capabilities' content='ocr_page ocr_carea ocr_par ocr_line ocrx_word'/>
</head>
<body>
  <div class='ocr_page' id='page_1' title='image "./pseudoaugustini00soutgoog/pseudoaugustini00soutgoog_0134.png"; bbox 0 0 3275 6434; ppageno 0'>
   <div class='ocr_carea' id='block_1_1' title="bbox 1307 992 1501 1004">
    <p class='ocr_par' dir='ltr' id='par_1_1' title="bbox 1307 992 1501 1004">
     <span class='ocr_line' id='line_1_1' title="bbox 1307 992 1501 1004; baseline 0 -4"><span class='ocrx_word' id='word_1_1' title='bbox 1307 992 1501 1004; x_wconf 49' lang='grc' dir='ltr'><strong>-νὴ</strong></span> 
     </span>
    </p>
   </div>
   <div class='ocr_carea' id='block_1_2' title="bbox 878 642 2830 1120">
    <p class='ocr_par' dir='ltr' id='par_1_2' title="bbox 878 642 2830 1120">
     <span class='ocr_line' id='line_1_2' title="bbox 878 642 2830 1120; baseline 0 5314"><span class='ocrx_word' id='word_1_2' title='bbox 878 642 2830 1120; x_wconf 95' lang='lat' dir='ltr'><strong> </strong></span> 
     </span>
    </p>
   </div>
   <div class='ocr_carea' id='block_1_3' title="bbox 495 1480 1964 1550">
    <p class='ocr_par' dir='ltr' id='par_1_3' title="bbox 495 1480 1964 1550">
     <span class='ocr_line' id='line_1_3' title="bbox 495 1480 1964 1550; baseline 0.001 -18"><span class='ocrx_word' id='word_1_3' title='bbox 495 1483 578 1532; x_wconf 72' lang='lat'><strong>⁸00</strong></span> <span class='ocrx_word' id='word_1_4' title='bbox 1271 1480 1465 1534; x_wconf 81' lang='lat' dir='ltr'><strong>Liber</strong></span> <span class='ocrx_word' id='word_1_5' title='bbox 1501 1481 1964 1550; x_wconf 77' lang='lat' dir='ltr'>quaestionum</span> 
     </span>
    </p>
   </div>
   <div class='ocr_carea' id='block_1_4' title="bbox 498 1527 578 1543">
    <p class='ocr_par' dir='ltr' id='par_1_4' title="bbox 498 1527 578 1543">
     <span class='ocr_line' id='line_1_4' title="bbox 498 1527 578 1543; baseline 0 0"><span class='ocrx_word' id='word_1_6' title='bbox 498 1527 578 1543; x_wconf 64' lang='lat'><strong>§—</strong></span> 
     </span>
    </p>
   </div>
   <div class='ocr_carea' id='block_1_5' title="bbox 464 1672 2823 4177">
    <p class='ocr_par' dir='ltr' id='par_1_5' title="bbox 464 1672 2765 2054">
     <span class='ocr_line' id='line_1_5' title="bbox 464 1672 2765 1759; baseline 0.001 -22"><span class='ocrx_word' id='word_1_7' title='bbox 464 1672 762 1737; x_wconf 78' lang='lat' dir='ltr'><strong>-auferret</strong></span> <span class='ocrx_word' id='word_1_8' title='bbox 806 1673 1231 1756; x_wconf 79' lang='lat' dir='ltr'><strong>obprobrium,</strong></span> <span class='ocrx_word' id='word_1_9' title='bbox 1289 1673 1563 1755; x_wconf 87' lang='lat' dir='ltr'><strong>primum</strong></span> <span class='ocrx_word' id='word_1_10' title='bbox 1609 1674 1864 1755; x_wconf 91' lang='lat' dir='ltr'><strong>quidem</strong></span> <span class='ocrx_word' id='word_1_11' title='bbox 1911 1674 2030 1739; x_wconf 84' lang='lat' dir='ltr'><strong>sub</strong></span> <span class='ocrx_word' id='word_1_12' title='bbox 2076 1675 2218 1759; x_wconf 85' lang='lat' dir='ltr'><strong>lege</strong></span> <span class='ocrx_word' id='word_1_13' title='bbox 2255 1692 2373 1739; x_wconf 87' lang='lat' dir='ltr'><strong>sua</strong></span> <span class='ocrx_word' id='word_1_14' title='bbox 2415 1676 2765 1758; x_wconf 80' lang='lat' dir='ltr'><strong>agentium,</strong></span> 
     </span>
     <span class='ocr_line' id='line_1_6' title="bbox 467 1777 2764 1863; baseline 0.003 -23"><span class='ocrx_word' id='word_1_15' title='bbox 467 1777 711 1843; x_wconf 75' lang='lat' dir='ltr'><strong>deinde</strong></span> <span class='ocrx_word' id='word_1_16' title='bbox 757 1780 1124 1842; x_wconf 85' lang='lat' dir='ltr'><strong>ceterorum.</strong></span> <span class='ocrx_word' id='word_1_17' title='bbox 1180 1777 1492 1842; x_wconf 80' lang='lat' dir='ltr'><strong>habebant</strong></span> <span class='ocrx_word' id='word_1_18' title='bbox 1536 1782 1746 1843; x_wconf 84' lang='lat' dir='ltr'><strong>autem</strong></span> <span class='ocrx_word' id='word_1_19' title='bbox 1791 1779 1854 1843; x_wconf 89' lang='lat' dir='ltr'><strong>in</strong></span> <span class='ocrx_word' id='word_1_20' title='bbox 1893 1778 2198 1844; x_wconf 89' lang='lat' dir='ltr'><strong>memoria</strong></span> <span class='ocrx_word' id='word_1_21' title='bbox 2240 1779 2551 1863; x_wconf 89' lang='lat' dir='ltr'><strong>scriptum</strong></span> <span class='ocrx_word' id='word_1_22' title='bbox 2589 1798 2764 1846; x_wconf 87' lang='lat' dir='ltr'><strong>esse:</strong></span> 
     </span>
     <span class='ocr_line' id='line_1_7' title="bbox 489 1882 2763 1968; baseline 0.001 -22"><span class='ocrx_word' id='word_1_23' title='bbox 489 1883 765 1947; x_wconf 86' lang='lat' dir='ltr'><strong>ueniet</strong></span> <span class='ocrx_word' id='word_1_24' title='bbox 809 1902 891 1947; x_wconf 84' lang='lat' dir='ltr'><strong>ex</strong></span> <span class='ocrx_word' id='word_1_25' title='bbox 942 1882 1130 1949; x_wconf 84' lang='lat' dir='ltr'>Sion</span> <span class='ocrx_word' id='word_1_26' title='bbox 1190 1883 1324 1966; x_wconf 90' lang='lat' dir='ltr'><strong>qui</strong></span> <span class='ocrx_word' id='word_1_27' title='bbox 1380 1884 1683 1965; x_wconf 87' lang='lat' dir='ltr'><strong>eripiat</strong></span> <span class='ocrx_word' id='word_1_28' title='bbox 1737 1886 1816 1949; x_wconf 86' lang='lat' dir='ltr'><strong>et</strong></span> <span class='ocrx_word' id='word_1_29' title='bbox 1867 1888 2192 1949; x_wconf 82' lang='lat' dir='ltr'><strong>auertat</strong></span> <span class='ocrx_word' id='word_1_30' title='bbox 2245 1885 2763 1968; x_wconf 77' lang='lat' dir='ltr'><strong>impietatem</strong></span> 
     </span>
     <span class='ocr_line' id='line_1_8' title="bbox 486 1987 883 2054; baseline -0.003 -3"><span class='ocrx_word' id='word_1_31' title='bbox 486 1987 575 2052; x_wconf 79' lang='lat' dir='ltr'><strong>ab</strong></span> <span class='ocrx_word' id='word_1_32' title='bbox 626 1987 883 2054; x_wconf 83' lang='lat' dir='ltr'><strong>Iacob.</strong></span> 
     </span>
    </p>

    <p class='ocr_par' dir='ltr' id='par_1_6' title="bbox 465 2093 2823 4177">
     <span class='ocr_line' id='line_1_9' title="bbox 574 2093 2823 2178; baseline 0.001 -22"><span class='ocrx_word' id='word_1_33' title='bbox 574 2095 632 2156; x_wconf 90' lang='lat'><strong>3.</strong></span> <span class='ocrx_word' id='word_1_34' title='bbox 704 2093 840 2157; x_wconf 86' lang='lat' dir='ltr'><strong>Hae</strong></span> <span class='ocrx_word' id='word_1_35' title='bbox 914 2112 1060 2178; x_wconf 87' lang='lat' dir='ltr'><strong>ergo</strong></span> <span class='ocrx_word' id='word_1_36' title='bbox 1135 2098 1379 2177; x_wconf 88' lang='lat' dir='ltr'><strong>septem</strong></span> <span class='ocrx_word' id='word_1_37' title='bbox 1452 2096 1758 2160; x_wconf 86' lang='lat' dir='ltr'><strong>ecclesiae</strong></span> <span class='ocrx_word' id='word_1_38' title='bbox 1830 2095 2369 2177; x_wconf 81' lang='lat' dir='ltr'><strong>adprehenderunt</strong></span> <span class='ocrx_word' id='word_1_39' title='bbox 2439 2095 2759 2161; x_wconf 88' lang='lat' dir='ltr'><strong>hominem</strong></span> <span class='ocrx_word' id='word_1_40' title='bbox 2818 2120 2823 2158; x_wconf 66' lang='lat'>1</span> 
     </span>
     <span class='ocr_line' id='line_1_10' title="bbox 485 2198 2758 2282; baseline 0.001 -21"><span class='ocrx_word' id='word_1_41' title='bbox 485 2216 701 2272; x_wconf 85' lang='lat' dir='ltr'><strong>unum,</strong></span> <span class='ocrx_word' id='word_1_42' title='bbox 746 2199 814 2263; x_wconf 90' lang='lat' dir='ltr'><strong>id</strong></span> <span class='ocrx_word' id='word_1_43' title='bbox 870 2203 970 2264; x_wconf 88' lang='lat' dir='ltr'><strong>est</strong></span> <span class='ocrx_word' id='word_1_44' title='bbox 1014 2201 1225 2263; x_wconf 87' lang='lat' dir='ltr'><strong>natum</strong></span> <span class='ocrx_word' id='word_1_45' title='bbox 1285 2198 1629 2276; x_wconf 80' lang='lat' dir='ltr'><strong>Christum,</strong></span> <span class='ocrx_word' id='word_1_46' title='bbox 1686 2199 1996 2265; x_wconf 83' lang='lat' dir='ltr'><strong>dicentes:</strong></span> <span class='ocrx_word' id='word_1_47' title='bbox 2057 2218 2334 2282; x_wconf 84' lang='lat' dir='ltr'><strong>panem</strong></span> <span class='ocrx_word' id='word_1_48' title='bbox 2388 2219 2428 2263; x_wconf 91' lang='lat' dir='ltr'><strong>n</strong></span> <span class='ocrx_word' id='word_1_49' title='bbox 2447 2202 2758 2264; x_wconf 85' lang='lat' dir='ltr'><strong>ostrum</strong></span> 
     </span>
     <span class='ocr_line' id='line_1_11' title="bbox 483 2303 2758 2389; baseline 0.002 -23"><span class='ocrx_word' id='word_1_50' title='bbox 483 2303 1150 2369; x_wconf 75' lang='lat' dir='ltr'><strong>manducabimus</strong></span> <span class='ocrx_word' id='word_1_51' title='bbox 1198 2307 1276 2369; x_wconf 88' lang='lat' dir='ltr'><strong>et</strong></span> <span class='ocrx_word' id='word_1_52' title='bbox 1320 2304 1849 2369; x_wconf 86' lang='lat' dir='ltr'><strong>uestimentis</strong></span> <span class='ocrx_word' id='word_1_53' title='bbox 1905 2305 2218 2371; x_wconf 89' lang='lat' dir='ltr'><strong>nostris</strong></span> <span class='ocrx_word' id='word_1_54' title='bbox 2274 2305 2758 2389; x_wconf 84' lang='lat' dir='ltr'><strong>operiemur,</strong></span> 
     </span>
     <span class='ocr_line' id='line_1_12' title="bbox 483 2407 2757 2495; baseline 0.003 -24"><span class='ocrx_word' id='word_1_55' title='bbox 483 2426 755 2472; x_wconf 87' lang='lat' dir='ltr'><strong>uerum</strong></span> <span class='ocrx_word' id='word_1_56' title='bbox 821 2413 1082 2473; x_wconf 87' lang='lat' dir='ltr'><strong>tamen</strong></span> <span class='ocrx_word' id='word_1_57' title='bbox 1150 2407 1583 2474; x_wconf 82' lang='lat' dir='ltr'><strong>innoc&#39;etur</strong></span> <span class='ocrx_word' id='word_1_58' title='bbox 1644 2428 1922 2475; x_wconf 90' lang='lat' dir='ltr'><strong>nomen</strong></span> <span class='ocrx_word' id='word_1_59' title='bbox 1989 2415 2211 2475; x_wconf 76' lang='lat' dir='ltr'><strong>tirum</strong></span> <span class='ocrx_word' id='word_1_60' title='bbox 2274 2428 2523 2495; x_wconf 87' lang='lat' dir='ltr'><strong>super</strong></span> <span class='ocrx_word' id='word_1_61' title='bbox 2594 2429 2757 2479; x_wconf 75' lang='lat' dir='ltr'><strong>nos.</strong></span> 
     </span>
     <span class='ocr_line' id='line_1_13' title="bbox 483 2513 2755 2599; baseline 0.002 -23"><span class='ocrx_word' id='word_1_62' title='bbox 483 2513 709 2577; x_wconf 82' lang='lat' dir='ltr'><strong>aufer</strong></span> <span class='ocrx_word' id='word_1_63' title='bbox 747 2513 1268 2596; x_wconf 85' lang='lat' dir='ltr'><strong>obprobrium</strong></span> <span class='ocrx_word' id='word_1_64' title='bbox 1303 2519 1688 2582; x_wconf 87' lang='lat' dir='ltr'><strong>nostrum.</strong></span> <span class='ocrx_word' id='word_1_65' title='bbox 1729 2514 1881 2599; x_wconf 90' lang='lat' dir='ltr'><strong>quid</strong></span> <span class='ocrx_word' id='word_1_66' title='bbox 1910 2518 2009 2580; x_wconf 90' lang='lat' dir='ltr'><strong>est</strong></span> <span class='ocrx_word' id='word_1_67' title='bbox 2035 2515 2156 2580; x_wconf 88' lang='lat' dir='ltr'><strong>hoc</strong></span> <span class='ocrx_word' id='word_1_68' title='bbox 2183 2514 2351 2599; x_wconf 91' lang='lat' dir='ltr'><strong>quod</strong></span> <span class='ocrx_word' id='word_1_69' title='bbox 2377 2518 2755 2599; x_wconf 75' lang='lat' dir='ltr'><strong>precantur?</strong></span> 
     </span>
     <span class='ocr_line' id='line_1_14' title="bbox 483 2616 2823 2703; baseline 0.002 -21"><span class='ocrx_word' id='word_1_70' title='bbox 483 2616 538 2682; x_wconf 83' lang='lat' dir='ltr'><strong>si</strong></span> <span class='ocrx_word' id='word_1_71' title='bbox 585 2617 748 2683; x_wconf 88' lang='lat' dir='ltr'><strong>enim</strong></span> <span class='ocrx_word' id='word_1_72' title='bbox 789 2637 944 2701; x_wconf 89' lang='lat' dir='ltr'><strong>pane</strong></span> <span class='ocrx_word' id='word_1_73' title='bbox 979 2620 1232 2703; x_wconf 89' lang='lat' dir='ltr'><strong>proprio</strong></span> <span class='ocrx_word' id='word_1_74' title='bbox 1272 2624 1537 2685; x_wconf 89' lang='lat' dir='ltr'><strong>utuntur</strong></span> <span class='ocrx_word' id='word_1_75' title='bbox 1571 2624 1636 2686; x_wconf 83' lang='lat' dir='ltr'><strong>et</strong></span> <span class='ocrx_word' id='word_1_76' title='bbox 1670 2621 2072 2686; x_wconf 86' lang='lat' dir='ltr'><strong>uestimentis</strong></span> <span class='ocrx_word' id='word_1_77' title='bbox 2111 2620 2247 2685; x_wconf 85' lang='lat' dir='ltr'><strong>suis</strong></span> <span class='ocrx_word' id='word_1_78' title='bbox 2282 2619 2654 2700; x_wconf 87' lang='lat' dir='ltr'><strong>induuntur,</strong></span> <span class='ocrx_word' id='word_1_79' title='bbox 2689 2621 2755 2686; x_wconf 90' lang='lat' dir='ltr'><strong>id</strong></span> <span class='ocrx_word' id='word_1_80' title='bbox 2788 2643 2823 2686; x_wconf 82' lang='grc' dir='ltr'><strong>ιι</strong></span> 
     </span>
     <span class='ocr_line' id='line_1_15' title="bbox 480 2725 2750 2809; baseline 0.003 -23"><span class='ocrx_word' id='word_1_81' title='bbox 480 2726 598 2800; x_wconf 73' lang='lat' dir='ltr'><strong>est,</strong></span> <span class='ocrx_word' id='word_1_82' title='bbox 655 2727 719 2789; x_wconf 89' lang='lat' dir='ltr'><strong>et</strong></span> <span class='ocrx_word' id='word_1_83' title='bbox 773 2725 1003 2789; x_wconf 87' lang='lat' dir='ltr'><strong>uiuunt</strong></span> <span class='ocrx_word' id='word_1_84' title='bbox 1057 2729 1123 2789; x_wconf 86' lang='lat' dir='ltr'><strong>et</strong></span> <span class='ocrx_word' id='word_1_85' title='bbox 1177 2725 1378 2791; x_wconf 86' lang='lat' dir='ltr'><strong>nudae</strong></span> <span class='ocrx_word' id='word_1_86' title='bbox 1434 2745 1553 2790; x_wconf 91' lang='lat' dir='ltr'><strong>non</strong></span> <span class='ocrx_word' id='word_1_87' title='bbox 1608 2731 1779 2803; x_wconf 90' lang='lat' dir='ltr'><strong>sunt,</strong></span> <span class='ocrx_word' id='word_1_88' title='bbox 1836 2726 1987 2809; x_wconf 92' lang='lat' dir='ltr'><strong>quid</strong></span> <span class='ocrx_word' id='word_1_89' title='bbox 2044 2726 2135 2791; x_wconf 92' lang='lat' dir='ltr'><strong>eis</strong></span> <span class='ocrx_word' id='word_1_90' title='bbox 2192 2726 2413 2791; x_wconf 78' lang='lat' dir='ltr'><strong>deest?</strong></span> <span class='ocrx_word' id='word_1_91' title='bbox 2468 2727 2527 2792; x_wconf 90' lang='lat' dir='ltr'><strong>si</strong></span> <span class='ocrx_word' id='word_1_92' title='bbox 2586 2727 2750 2792; x_wconf 87' lang='lat' dir='ltr'><strong>enim</strong></span> 
     </span>
     <span class='ocr_line' id='line_1_16' title="bbox 479 2828 2748 2913; baseline 0.002 -21"><span class='ocrx_word' id='word_1_93' title='bbox 479 2828 660 2910; x_wconf 88' lang='lat' dir='ltr'><strong>panis</strong></span> <span class='ocrx_word' id='word_1_94' title='bbox 718 2828 795 2892; x_wconf 88' lang='lat' dir='ltr'><strong>ad</strong></span> <span class='ocrx_word' id='word_1_95' title='bbox 849 2828 1052 2894; x_wconf 86' lang='lat' dir='ltr'><strong>uitam</strong></span> <span class='ocrx_word' id='word_1_96' title='bbox 1108 2829 1499 2913; x_wconf 81' lang='lat' dir='ltr'><strong>significatur</strong></span> <span class='ocrx_word' id='word_1_97' title='bbox 1552 2835 1618 2897; x_wconf 89' lang='lat' dir='ltr'><strong>et</strong></span> <span class='ocrx_word' id='word_1_98' title='bbox 1692 2832 1968 2896; x_wconf 87' lang='lat' dir='ltr'><strong>uestitus</strong></span> <span class='ocrx_word' id='word_1_99' title='bbox 2030 2830 2110 2895; x_wconf 88' lang='lat' dir='ltr'><strong>ad</strong></span> <span class='ocrx_word' id='word_1_100' title='bbox 2173 2831 2275 2896; x_wconf 89' lang='lat' dir='ltr'><strong>dei</strong></span> <span class='ocrx_word' id='word_1_101' title='bbox 2346 2830 2748 2897; x_wconf 89' lang='lat' dir='ltr'><strong>deuotionem</strong></span> 
     </span>
     <span class='ocr_line' id='line_1_17' title="bbox 482 2933 2745 3021; baseline 0.001 -24"><span class='ocrx_word' id='word_1_102' title='bbox 482 2969 557 2979; x_wconf 88' lang='lat'><strong>—</strong></span> <span class='ocrx_word' id='word_1_103' title='bbox 593 2935 741 3015; x_wconf 84' lang='lat' dir='ltr'><strong>quia</strong></span> <span class='ocrx_word' id='word_1_104' title='bbox 770 2934 878 3017; x_wconf 90' lang='lat' dir='ltr'><strong>qui</strong></span> <span class='ocrx_word' id='word_1_105' title='bbox 907 2934 1041 2999; x_wconf 88' lang='lat' dir='ltr'><strong>sine</strong></span> <span class='ocrx_word' id='word_1_106' title='bbox 1069 2933 1185 2999; x_wconf 90' lang='lat' dir='ltr'><strong>deo</strong></span> <span class='ocrx_word' id='word_1_107' title='bbox 1217 2941 1335 3013; x_wconf 87' lang='lat' dir='ltr'><strong>est,</strong></span> <span class='ocrx_word' id='word_1_108' title='bbox 1366 2935 1570 3002; x_wconf 88' lang='lat' dir='ltr'><strong>nudus</strong></span> <span class='ocrx_word' id='word_1_109' title='bbox 1601 2934 1861 3008; x_wconf 76' lang='lat' dir='ltr'><strong>dicitur:</strong></span> <span class='ocrx_word' id='word_1_110' title='bbox 1892 2933 2057 3000; x_wconf 91' lang='lat' dir='ltr'><strong>unde</strong></span> <span class='ocrx_word' id='word_1_111' title='bbox 2104 2935 2457 3018; x_wconf 87' lang='lat' dir='ltr'><strong>apostolus:</strong></span> <span class='ocrx_word' id='word_1_112' title='bbox 2490 2936 2624 3021; x_wconf 87' lang='lat' dir='ltr'><strong>qui</strong></span> <span class='ocrx_word' id='word_1_113' title='bbox 2672 2935 2745 3000; x_wconf 86' lang='lat' dir='ltr'><strong>in</strong></span> 
     </span>
     <span class='ocr_line' id='line_1_18' title="bbox 479 3038 2748 3121; baseline 0.001 -18"><span class='ocrx_word' id='word_1_114' title='bbox 479 3040 828 3114; x_wconf 84' lang='lat' dir='ltr'><strong>Christo,</strong></span> <span class='ocrx_word' id='word_1_115' title='bbox 876 3040 983 3117; x_wconf 82' lang='lat' dir='ltr'><strong>ait,</strong></span> <span class='ocrx_word' id='word_1_116' title='bbox 1028 3038 1427 3121; x_wconf 84' lang='lat' dir='ltr'><strong>baptizati</strong></span> <span class='ocrx_word' id='word_1_117' title='bbox 1488 3041 1716 3118; x_wconf 89' lang='lat' dir='ltr'><strong>estis,</strong></span> <span class='ocrx_word' id='word_1_118' title='bbox 1757 3040 2170 3104; x_wconf 81' lang='lat' dir='ltr'><strong>Christum</strong></span> <span class='ocrx_word' id='word_1_119' title='bbox 2223 3039 2626 3105; x_wconf 87' lang='lat' dir='ltr'><strong>induistis</strong></span> <span class='ocrx_word' id='word_1_120' title='bbox 2684 3045 2748 3105; x_wconf 87' lang='lat' dir='ltr'><strong>et</strong></span> 
     </span>
     <span class='ocr_line' id='line_1_19' title="bbox 477 3145 2823 3229; baseline 0.002 -21"><span class='ocrx_word' id='word_1_121' title='bbox 477 3147 736 3210; x_wconf 81' lang='lat' dir='ltr'><strong>iterum:</strong></span> <span class='ocrx_word' id='word_1_122' title='bbox 784 3145 853 3210; x_wconf 86' lang='lat' dir='ltr'><strong>si</strong></span> <span class='ocrx_word' id='word_1_123' title='bbox 902 3145 1322 3228; x_wconf 79' lang='lat' dir='ltr'><strong>expoliati.</strong></span> <span class='ocrx_word' id='word_1_124' title='bbox 1369 3146 1596 3229; x_wconf 89' lang='lat' dir='ltr'><strong>inquit,</strong></span> <span class='ocrx_word' id='word_1_125' title='bbox 1643 3166 1789 3210; x_wconf 86' lang='lat' dir='ltr'><strong>uon</strong></span> <span class='ocrx_word' id='word_1_126' title='bbox 1838 3146 2027 3211; x_wconf 88' lang='lat' dir='ltr'><strong>nudi</strong></span> <span class='ocrx_word' id='word_1_127' title='bbox 2082 3147 2592 3212; x_wconf 82' lang='lat' dir='ltr'><strong>inueniamur</strong></span> <span class='ocrx_word' id='word_1_128' title='bbox 2639 3182 2741 3222; x_wconf 92' lang='lat'><strong>—,</strong></span> <span class='ocrx_word' id='word_1_129' title='bbox 2780 3169 2823 3213; x_wconf 78' lang='lat' dir='ltr'><strong>n</strong></span> 
     </span>
     <span class='ocr_line' id='line_1_20' title="bbox 476 3250 2745 3332; baseline 0 -18"><span class='ocrx_word' id='word_1_130' title='bbox 476 3250 626 3332; x_wconf 83' lang='lat' dir='ltr'><strong>quid</strong></span> <span class='ocrx_word' id='word_1_131' title='bbox 671 3255 772 3315; x_wconf 91' lang='lat' dir='ltr'><strong>est</strong></span> <span class='ocrx_word' id='word_1_132' title='bbox 815 3250 985 3331; x_wconf 86' lang='lat' dir='ltr'><strong>quod</strong></span> <span class='ocrx_word' id='word_1_133' title='bbox 1041 3255 1315 3332; x_wconf 86' lang='lat' dir='ltr'><strong>poscunt</strong></span> <span class='ocrx_word' id='word_1_134' title='bbox 1367 3256 1442 3317; x_wconf 89' lang='lat' dir='ltr'><strong>ut</strong></span> <span class='ocrx_word' id='word_1_135' title='bbox 1492 3252 1813 3317; x_wconf 84' lang='lat' dir='ltr'><strong>auferatur</strong></span> <span class='ocrx_word' id='word_1_136' title='bbox 1843 3251 1939 3315; x_wconf 84' lang='lat' dir='ltr'><strong>&#39;ab</strong></span> <span class='ocrx_word' id='word_1_137' title='bbox 1994 3251 2087 3315; x_wconf 91' lang='lat' dir='ltr'><strong>eis</strong></span> <span class='ocrx_word' id='word_1_138' title='bbox 2141 3250 2569 3332; x_wconf 85' lang='lat' dir='ltr'><strong>obprobrium,</strong></span> <span class='ocrx_word' id='word_1_139' title='bbox 2622 3250 2745 3315; x_wconf 90' lang='lat' dir='ltr'><strong>nisi</strong></span> 
     </span>
     <span class='ocr_line' id='line_1_21' title="bbox 474 3355 2747 3438; baseline -0 -19"><span class='ocrx_word' id='word_1_140' title='bbox 474 3355 624 3438; x_wconf 70' lang='lat' dir='ltr'><strong>quia</strong></span> <span class='ocrx_word' id='word_1_141' title='bbox 667 3355 764 3418; x_wconf 80' lang='lat' dir='ltr'><strong>hic</strong></span> <span class='ocrx_word' id='word_1_142' title='bbox 812 3356 1088 3438; x_wconf 90' lang='lat' dir='ltr'><strong>populus</strong></span> <span class='ocrx_word' id='word_1_143' title='bbox 1134 3356 1424 3438; x_wconf 86' lang='lat' dir='ltr'><strong>signatur</strong></span> <span class='ocrx_word' id='word_1_144' title='bbox 1465 3357 1528 3420; x_wconf 87' lang='lat' dir='ltr'><strong>iu</strong></span> <span class='ocrx_word' id='word_1_145' title='bbox 1575 3359 1819 3438; x_wconf 85' lang='lat' dir='ltr'><strong>septem</strong></span> <span class='ocrx_word' id='word_1_146' title='bbox 1865 3358 2274 3421; x_wconf 85' lang='lat' dir='ltr'><strong>ecclesiarum</strong></span> <span class='ocrx_word' id='word_1_147' title='bbox 2310 3373 2594 3430; x_wconf 89' lang='lat' dir='ltr'><strong>numero,</strong></span> <span class='ocrx_word' id='word_1_148' title='bbox 2634 3355 2747 3438; x_wconf 86' lang='lat' dir='ltr'><strong>qui</strong></span> 
     </span>
     <span class='ocr_line' id='line_1_22' title="bbox 477 3458 2750 3548; baseline -0.001 -22"><span class='ocrx_word' id='word_1_149' title='bbox 477 3461 592 3526; x_wconf 67' lang='lat' dir='ltr'><strong>sub</strong></span> <span class='ocrx_word' id='word_1_150' title='bbox 636 3462 779 3548; x_wconf 85' lang='lat' dir='ltr'><strong>lege</strong></span> <span class='ocrx_word' id='word_1_151' title='bbox 824 3480 1016 3544; x_wconf 82' lang='lat' dir='ltr'><strong>agens</strong></span> <span class='ocrx_word' id='word_1_152' title='bbox 1072 3459 1396 3527; x_wconf 81' lang='lat' dir='ltr'><strong>Christum</strong></span> <span class='ocrx_word' id='word_1_153' title='bbox 1453 3463 1823 3544; x_wconf 83' lang='lat' dir='ltr'><strong>expectabat</strong></span> <span class='ocrx_word' id='word_1_154' title='bbox 1875 3461 2256 3543; x_wconf 89' lang='lat' dir='ltr'><strong>promissum</strong></span> <span class='ocrx_word' id='word_1_155' title='bbox 2301 3459 2381 3524; x_wconf 88' lang='lat' dir='ltr'><strong>ad</strong></span> <span class='ocrx_word' id='word_1_156' title='bbox 2434 3458 2750 3525; x_wconf 83' lang='lat' dir='ltr'><strong>abolenda</strong></span> 
     </span>
     <span class='ocr_line' id='line_1_23' title="bbox 473 3563 2745 3650; baseline -0.001 -18"><span class='ocrx_word' id='word_1_157' title='bbox 473 3571 772 3650; x_wconf 78' lang='lat' dir='ltr'><strong>peccata?</strong></span> <span class='ocrx_word' id='word_1_158' title='bbox 828 3566 969 3632; x_wconf 86' lang='lat' dir='ltr'><strong>ideo</strong></span> <span class='ocrx_word' id='word_1_159' title='bbox 1031 3567 1279 3633; x_wconf 86' lang='lat' dir='ltr'><strong>dicunt:</strong></span> <span class='ocrx_word' id='word_1_160' title='bbox 1336 3585 1607 3650; x_wconf 87' lang='lat' dir='ltr'><strong>panem</strong></span> <span class='ocrx_word' id='word_1_161' title='bbox 1668 3571 2022 3632; x_wconf 89' lang='lat' dir='ltr'><strong>nostrum</strong></span> <span class='ocrx_word' id='word_1_162' title='bbox 2077 3563 2745 3630; x_wconf 78' lang='lat' dir='ltr'><strong>manducabimus</strong></span> 
     </span>
     <span class='ocr_line' id='line_1_24' title="bbox 471 3669 2823 3758; baseline 0 -19"><span class='ocrx_word' id='word_1_163' title='bbox 471 3710 555 3720; x_wconf 92' lang='grc'>-</span> <span class='ocrx_word' id='word_1_164' title='bbox 594 3676 715 3739; x_wconf 90' lang='lat' dir='ltr'><strong>hoc</strong></span> <span class='ocrx_word' id='word_1_165' title='bbox 759 3679 880 3751; x_wconf 86' lang='lat' dir='ltr'><strong>est,</strong></span> <span class='ocrx_word' id='word_1_166' title='bbox 926 3673 1139 3738; x_wconf 91' lang='lat' dir='ltr'><strong>uerbis</strong></span> <span class='ocrx_word' id='word_1_167' title='bbox 1183 3673 1370 3758; x_wconf 83' lang='lat' dir='ltr'><strong>legis,</strong></span> <span class='ocrx_word' id='word_1_168' title='bbox 1409 3691 1569 3754; x_wconf 87' lang='lat' dir='ltr'><strong>quae</strong></span> <span class='ocrx_word' id='word_1_169' title='bbox 1607 3691 1803 3737; x_wconf 87' lang='lat' dir='ltr'><strong>uuum</strong></span> <span class='ocrx_word' id='word_1_170' title='bbox 1842 3671 2098 3735; x_wconf 81' lang='lat' dir='ltr'><strong>tradunt</strong></span> <span class='ocrx_word' id='word_1_171' title='bbox 2132 3669 2344 3748; x_wconf 87' lang='lat' dir='ltr'><strong>deum,</strong></span> <span class='ocrx_word' id='word_1_172' title='bbox 2380 3687 2738 3752; x_wconf 86' lang='lat' dir='ltr'><strong>pascemur,</strong></span> <span class='ocrx_word' id='word_1_173' title='bbox 2772 3695 2823 3740; x_wconf 72' lang='lat' dir='ltr'><strong>su</strong></span> 
     </span>
     <span class='ocr_line' id='line_1_25' title="bbox 470 3773 2739 3862; baseline -0.002 -19"><span class='ocrx_word' id='word_1_174' title='bbox 470 3780 620 3860; x_wconf 72' lang='lat' dir='ltr'><strong>quia</strong></span> <span class='ocrx_word' id='word_1_175' title='bbox 680 3798 823 3844; x_wconf 88' lang='lat' dir='ltr'><strong>non</strong></span> <span class='ocrx_word' id='word_1_176' title='bbox 879 3780 954 3843; x_wconf 89' lang='lat' dir='ltr'><strong>in</strong></span> <span class='ocrx_word' id='word_1_177' title='bbox 1015 3797 1211 3862; x_wconf 80' lang='lat' dir='ltr'><strong>pane</strong></span> <span class='ocrx_word' id='word_1_178' title='bbox 1266 3781 1579 3843; x_wconf 85' lang='lat' dir='ltr'><strong>tantum</strong></span> <span class='ocrx_word' id='word_1_179' title='bbox 1636 3776 1857 3842; x_wconf 89' lang='lat' dir='ltr'><strong>uiuit</strong></span> <span class='ocrx_word' id='word_1_180' title='bbox 1910 3777 2136 3841; x_wconf 91' lang='lat' dir='ltr'><strong>homo</strong></span> <span class='ocrx_word' id='word_1_181' title='bbox 2195 3774 2334 3840; x_wconf 89' lang='lat' dir='ltr'><strong>sed</strong></span> <span class='ocrx_word' id='word_1_182' title='bbox 2387 3773 2466 3838; x_wconf 88' lang='lat' dir='ltr'><strong>in</strong></span> <span class='ocrx_word' id='word_1_183' title='bbox 2523 3777 2739 3841; x_wconf 92' lang='lat' dir='ltr'><strong>omni</strong></span> 
     </span>
     <span class='ocr_line' id='line_1_26' title="bbox 469 3878 2742 3962; baseline -0.002 -13"><span class='ocrx_word' id='word_1_184' title='bbox 469 3887 712 3952; x_wconf 85' lang='lat' dir='ltr'><strong>uerbo</strong></span> <span class='ocrx_word' id='word_1_185' title='bbox 744 3885 869 3950; x_wconf 87' lang='lat' dir='ltr'><strong>dei</strong></span> <span class='ocrx_word' id='word_1_186' title='bbox 892 3922 973 3931; x_wconf 86' lang='lat'><strong>——</strong></span> <span class='ocrx_word' id='word_1_187' title='bbox 1006 3888 1084 3949; x_wconf 84' lang='lat' dir='ltr'><strong>et</strong></span> <span class='ocrx_word' id='word_1_188' title='bbox 1112 3884 1638 3949; x_wconf 87' lang='lat' dir='ltr'><strong>uestimentis</strong></span> <span class='ocrx_word' id='word_1_189' title='bbox 1667 3882 1981 3947; x_wconf 89' lang='lat' dir='ltr'><strong>uostris</strong></span> <span class='ocrx_word' id='word_1_190' title='bbox 2021 3880 2490 3962; x_wconf 87' lang='lat' dir='ltr'><strong>operiemur,</strong></span> <span class='ocrx_word' id='word_1_191' title='bbox 2519 3878 2587 3944; x_wconf 86' lang='lat' dir='ltr'><strong>id</strong></span> <span class='ocrx_word' id='word_1_192' title='bbox 2617 3885 2742 3956; x_wconf 87' lang='lat' dir='ltr'><strong>est,</strong></span> 
     </span>
     <span class='ocr_line' id='line_1_27' title="bbox 469 3985 2743 4069; baseline -0.003 -14"><span class='ocrx_word' id='word_1_193' title='bbox 469 3993 765 4057; x_wconf 75' lang='lat' dir='ltr'><strong>creatoris</strong></span> <span class='ocrx_word' id='word_1_194' title='bbox 828 3990 1026 4056; x_wconf 90' lang='lat' dir='ltr'><strong>nostri</strong></span> <span class='ocrx_word' id='word_1_195' title='bbox 1090 3990 1341 4054; x_wconf 89' lang='lat' dir='ltr'><strong>nomine</strong></span> <span class='ocrx_word' id='word_1_196' title='bbox 1405 4006 1756 4064; x_wconf 89' lang='lat' dir='ltr'><strong>censemur,</strong></span> <span class='ocrx_word' id='word_1_197' title='bbox 1828 3986 1978 4069; x_wconf 86' lang='lat' dir='ltr'><strong>quia</strong></span> <span class='ocrx_word' id='word_1_198' title='bbox 2039 3986 2157 4051; x_wconf 89' lang='lat' dir='ltr'><strong>hoc</strong></span> <span class='ocrx_word' id='word_1_199' title='bbox 2230 4004 2393 4051; x_wconf 78' lang='lat' dir='ltr'><strong>unus</strong></span> <span class='ocrx_word' id='word_1_200' title='bbox 2467 3985 2743 4067; x_wconf 78' lang='lat' dir='ltr'><strong>quisque</strong></span> 
     </span>
     <span class='ocr_line' id='line_1_28' title="bbox 465 4092 1991 4177; baseline -0.002 -18"><span class='ocrx_word' id='word_1_201' title='bbox 465 4095 726 4161; x_wconf 81' lang='lat' dir='ltr'><strong>indutus</strong></span> <span class='ocrx_word' id='word_1_202' title='bbox 775 4097 1022 4161; x_wconf 85' lang='lat' dir='ltr'><strong>dicitur.</strong></span> <span class='ocrx_word' id='word_1_203' title='bbox 1072 4095 1240 4177; x_wconf 87' lang='lat' dir='ltr'><strong>quod</strong></span> <span class='ocrx_word' id='word_1_204' title='bbox 1285 4098 1349 4158; x_wconf 88' lang='lat' dir='ltr'><strong>et</strong></span> <span class='ocrx_word' id='word_1_205' title='bbox 1395 4098 1493 4158; x_wconf 86' lang='lat' dir='ltr'><strong>est</strong></span> <span class='ocrx_word' id='word_1_206' title='bbox 1539 4098 1604 4158; x_wconf 86' lang='lat' dir='ltr'><strong>et</strong></span> <span class='ocrx_word' id='word_1_207' title='bbox 1647 4092 1991 4175; x_wconf 84' lang='lat' dir='ltr'><strong>profitetur.</strong></span> 
     </span>
    </p>
   </div>
   <div class='ocr_carea' id='block_1_6' title="bbox 470 4366 2740 4524">
    <p class='ocr_par' dir='ltr' id='par_1_7' title="bbox 470 4366 2740 4524">
     <span class='ocr_line' id='line_1_29' title="bbox 643 4366 2736 4439; baseline -0.001 -14"><span class='ocrx_word' id='word_1_208' title='bbox 643 4376 674 4425; x_wconf 77' lang='lat'><strong>3</strong></span> <span class='ocrx_word' id='word_1_209' title='bbox 713 4373 864 4425; x_wconf 82' lang='lat' dir='ltr'><strong>Rom.</strong></span> <span class='ocrx_word' id='word_1_210' title='bbox 907 4373 988 4439; x_wconf 90' lang='lat'><strong>11,</strong></span> <span class='ocrx_word' id='word_1_211' title='bbox 1027 4371 1112 4423; x_wconf 84' lang='lat'><strong>26.</strong></span> <span class='ocrx_word' id='word_1_212' title='bbox 1153 4370 1217 4424; x_wconf 77' lang='lat' dir='ltr'><strong>cf.</strong></span> <span class='ocrx_word' id='word_1_213' title='bbox 1256 4370 1399 4424; x_wconf 76' lang='lat' dir='ltr'><strong>Esai.</strong></span> <span class='ocrx_word' id='word_1_214' title='bbox 1437 4373 1522 4430; x_wconf 70' lang='lat'><strong>5⁰,</strong></span> <span class='ocrx_word' id='word_1_215' title='bbox 1561 4369 1631 4422; x_wconf 86' lang='lat'><strong>20</strong></span> <span class='ocrx_word' id='word_1_216' title='bbox 1785 4370 1817 4421; x_wconf 88' lang='grc'><strong>6</strong></span> <span class='ocrx_word' id='word_1_217' title='bbox 1856 4369 2001 4422; x_wconf 79' lang='lat' dir='ltr'><strong>Esai.</strong></span> <span class='ocrx_word' id='word_1_218' title='bbox 2034 4369 2087 4436; x_wconf 86' lang='grc'><strong>4,</strong></span> <span class='ocrx_word' id='word_1_219' title='bbox 2131 4370 2151 4420; x_wconf 99' lang='grc'><strong>1</strong></span> <span class='ocrx_word' id='word_1_220' title='bbox 2318 4369 2379 4420; x_wconf 87' lang='grc'><strong>13</strong></span> <span class='ocrx_word' id='word_1_221' title='bbox 2418 4366 2538 4421; x_wconf 65' lang='lat' dir='ltr'><strong>Gal.</strong></span> <span class='ocrx_word' id='word_1_222' title='bbox 2578 4368 2630 4433; x_wconf 83' lang='lat'><strong>3,</strong></span> <span class='ocrx_word' id='word_1_223' title='bbox 2666 4369 2736 4422; x_wconf 70' lang='lat'><strong>2⁴0·</strong></span> 
     </span>
     <span class='ocr_line' id='line_1_30' title="bbox 470 4454 2740 4524; baseline -0.002 -12"><span class='ocrx_word' id='word_1_224' title='bbox 470 4461 534 4512; x_wconf 77' lang='lat'><strong>15.</strong></span> <span class='ocrx_word' id='word_1_225' title='bbox 584 4459 636 4513; x_wconf 91' lang='lat'><strong>11</strong></span> <span class='ocrx_word' id='word_1_226' title='bbox 682 4459 803 4515; x_wconf 88' lang='lat' dir='ltr'><strong>Cor.</strong></span> <span class='ocrx_word' id='word_1_227' title='bbox 849 4461 896 4519; x_wconf 71' lang='grc' dir='ltr'><strong>ἴ»,</strong></span> <span class='ocrx_word' id='word_1_228' title='bbox 946 4460 978 4512; x_wconf 87' lang='grc'><strong>3</strong></span> <span class='ocrx_word' id='word_1_229' title='bbox 1162 4459 1227 4510; x_wconf 82' lang='grc'><strong>19</strong></span> <span class='ocrx_word' id='word_1_230' title='bbox 1273 4457 1413 4510; x_wconf 75' lang='lat' dir='ltr'><strong>Esai.</strong></span> <span class='ocrx_word' id='word_1_231' title='bbox 1460 4459 1512 4524; x_wconf 92' lang='lat'><strong>4,</strong></span> <span class='ocrx_word' id='word_1_232' title='bbox 1565 4462 1587 4510; x_wconf 94' lang='lat'>1</span> <span class='ocrx_word' id='word_1_233' title='bbox 1771 4457 1835 4509; x_wconf 86' lang='grc'><strong>21</strong></span> <span class='ocrx_word' id='word_1_234' title='bbox 1898 4457 2060 4509; x_wconf 82' lang='lat' dir='ltr'><strong>Dent.</strong></span> <span class='ocrx_word' id='word_1_235' title='bbox 2115 4457 2162 4517; x_wconf 65' lang='grc' dir='ltr'><strong>Β,</strong></span> <span class='ocrx_word' id='word_1_236' title='bbox 2221 4457 2253 4506; x_wconf 70' lang='grc'><strong>3</strong></span> <span class='ocrx_word' id='word_1_237' title='bbox 2310 4454 2523 4523; x_wconf 64' lang='lat' dir='ltr'><strong>(nuth.</strong></span> <span class='ocrx_word' id='word_1_238' title='bbox 2581 4456 2633 4522; x_wconf 90' lang='lat'><strong>4,</strong></span> <span class='ocrx_word' id='word_1_239' title='bbox 2679 4455 2740 4522; x_wconf 81' lang='grc'><strong>4)</strong></span> 
     </span>
    </p>
   </div>
   <div class='ocr_carea' id='block_1_7' title="bbox 465 4547 867 4614">
    <p class='ocr_par' dir='ltr' id='par_1_8' title="bbox 465 4547 867 4614">
     <span class='ocr_line' id='line_1_31' title="bbox 465 4547 867 4614; baseline -0.007 -13"><span class='ocrx_word' id='word_1_240' title='bbox 465 4549 534 4601; x_wconf 75' lang='lat'><strong>22</strong></span> <span class='ocrx_word' id='word_1_241' title='bbox 574 4547 717 4601; x_wconf 79' lang='lat' dir='ltr'><strong>Esai.</strong></span> <span class='ocrx_word' id='word_1_242' title='bbox 753 4548 804 4614; x_wconf 92' lang='lat'><strong>4,</strong></span> <span class='ocrx_word' id='word_1_243' title='bbox 849 4550 867 4598; x_wconf 91' lang='lat' dir='ltr'>l</span> 
     </span>
    </p>
   </div>
   <div class='ocr_carea' id='block_1_8' title="bbox 291 4699 2743 5304">
    <p class='ocr_par' dir='ltr' id='par_1_9' title="bbox 291 4699 2743 5304">
     <span class='ocr_line' id='line_1_32' title="bbox 291 4699 2734 4771; baseline -0 -16"><span class='ocrx_word' id='word_1_244' title='bbox 291 4705 468 4767; x_wconf 58' lang='lat' dir='ltr'><strong>deti?</strong></span> <span class='ocrx_word' id='word_1_245' title='bbox 545 4709 559 4756; x_wconf 95' lang='grc'><strong>1</strong></span> <span class='ocrx_word' id='word_1_246' title='bbox 605 4706 817 4760; x_wconf 73' lang='lat' dir='ltr'><strong>auferet</strong></span> <span class='ocrx_word' id='word_1_247' title='bbox 857 4709 902 4751; x_wconf 62' lang='lat' dir='ltr'><strong>t·</strong></span> <span class='ocrx_word' id='word_1_248' title='bbox 1025 4705 1055 4755; x_wconf 77' lang='lat'><strong>:2</strong></span> <span class='ocrx_word' id='word_1_249' title='bbox 1096 4709 1180 4758; x_wconf 82' lang='lat' dir='ltr'><strong>est</strong></span> <span class='ocrx_word' id='word_1_250' title='bbox 1213 4706 1352 4771; x_wconf 72' lang='lat' dir='ltr'><strong>(exp.</strong></span> <span class='ocrx_word' id='word_1_251' title='bbox 1389 4703 1473 4769; x_wconf 87' lang='lat' dir='ltr'><strong>N)</strong></span> <span class='ocrx_word' id='word_1_252' title='bbox 1510 4720 1625 4756; x_wconf 80' lang='lat' dir='ltr'><strong>esse</strong></span> <span class='ocrx_word' id='word_1_253' title='bbox 1668 4702 1774 4755; x_wconf 82' lang='lat' dir='ltr'><strong>GN</strong></span> <span class='ocrx_word' id='word_1_254' title='bbox 1895 4703 1927 4751; x_wconf 78' lang='lat'><strong>3</strong></span> <span class='ocrx_word' id='word_1_255' title='bbox 1965 4703 2154 4755; x_wconf 77' lang='lat' dir='ltr'><strong>ueniat</strong></span> <span class='ocrx_word' id='word_1_256' title='bbox 2185 4699 2258 4756; x_wconf 74' lang='grc' dir='ltr'><em>Μ</em></span> <span class='ocrx_word' id='word_1_257' title='bbox 2371 4701 2406 4753; x_wconf 74' lang='grc' dir='ltr'><strong><em>ὃ</em></strong></span> <span class='ocrx_word' id='word_1_258' title='bbox 2442 4701 2544 4754; x_wconf 83' lang='lat' dir='ltr'><strong>hae</strong></span> <span class='ocrx_word' id='word_1_259' title='bbox 2582 4705 2636 4766; x_wconf 88' lang='lat' dir='ltr'><strong>(e</strong></span> <span class='ocrx_word' id='word_1_260' title='bbox 2672 4703 2734 4754; x_wconf 68' lang='lat' dir='ltr'><strong>iu</strong></span> 
     </span>
     <span class='ocr_line' id='line_1_33' title="bbox 466 4786 2743 4859; baseline -0.002 -13"><span class='ocrx_word' id='word_1_261' title='bbox 466 4796 605 4859; x_wconf 75' lang='lat' dir='ltr'><strong>ras.)</strong></span> <span class='ocrx_word' id='word_1_262' title='bbox 629 4793 696 4846; x_wconf 72' lang='lat' dir='ltr'><strong><em>M</em></strong></span> <span class='ocrx_word' id='word_1_263' title='bbox 723 4793 860 4848; x_wconf 83' lang='lat' dir='ltr'><strong>haec</strong></span> <span class='ocrx_word' id='word_1_264' title='bbox 891 4794 994 4845; x_wconf 67' lang='grc' dir='ltr'><strong>ΟΧ</strong></span> <span class='ocrx_word' id='word_1_265' title='bbox 1066 4793 1096 4844; x_wconf 83' lang='grc'><strong>7</strong></span> <span class='ocrx_word' id='word_1_266' title='bbox 1136 4789 1576 4844; x_wconf 75' lang='lat' dir='ltr'><strong>manducauimus</strong></span> <span class='ocrx_word' id='word_1_267' title='bbox 1608 4789 1679 4858; x_wconf 83' lang='lat' dir='ltr'><strong>G,</strong></span> <span class='ocrx_word' id='word_1_268' title='bbox 1706 4793 1864 4855; x_wconf 75' lang='lat' dir='ltr'><strong>(corr.</strong></span> <span class='ocrx_word' id='word_1_269' title='bbox 1893 4792 2008 4855; x_wconf 72' lang='lat'>¹¹⁸2)</span> <span class='ocrx_word' id='word_1_270' title='bbox 2030 4789 2082 4842; x_wconf 73' lang='lat' dir='ltr'><em>A</em></span> <span class='ocrx_word' id='word_1_271' title='bbox 2155 4789 2189 4842; x_wconf 82' lang='lat'>9</span> <span class='ocrx_word' id='word_1_272' title='bbox 2213 4787 2594 4859; x_wconf 81' lang='lat' dir='ltr'><strong>praedicuntur</strong></span> <span class='ocrx_word' id='word_1_273' title='bbox 2616 4786 2743 4842; x_wconf 69' lang='lat' dir='ltr'><strong>Mo</strong></span> 
     </span>
     <span class='ocr_line' id='line_1_34' title="bbox 470 4874 2739 4951; baseline -0.002 -18"><span class='ocrx_word' id='word_1_274' title='bbox 470 4881 539 4933; x_wconf 86' lang='lat'><strong>10</strong></span> <span class='ocrx_word' id='word_1_275' title='bbox 573 4896 765 4951; x_wconf 76' lang='lat' dir='ltr'><strong>panem</strong></span> <span class='ocrx_word' id='word_1_276' title='bbox 803 4881 855 4934; x_wconf 82' lang='lat' dir='ltr'><em>A</em></span> <span class='ocrx_word' id='word_1_277' title='bbox 891 4884 1094 4948; x_wconf 61' lang='lat' dir='ltr'><strong>(eorm,</strong></span> <span class='ocrx_word' id='word_1_278' title='bbox 1130 4879 1186 4933; x_wconf 86' lang='lat' dir='ltr'><em>B</em></span> <span class='ocrx_word' id='word_1_279' title='bbox 1323 4877 1622 4931; x_wconf 77' lang='lat' dir='ltr'><strong>induantur</strong></span> <span class='ocrx_word' id='word_1_280' title='bbox 1655 4876 1731 4931; x_wconf 75' lang='lat' dir='ltr'><strong><em>M</em></strong></span> <span class='ocrx_word' id='word_1_281' title='bbox 1836 4879 1895 4931; x_wconf 87' lang='lat'><strong>11</strong></span> <span class='ocrx_word' id='word_1_282' title='bbox 1940 4882 1998 4931; x_wconf 92' lang='lat' dir='ltr'><strong>et</strong></span> <span class='ocrx_word' id='word_1_283' title='bbox 2030 4876 2247 4945; x_wconf 80' lang='lat' dir='ltr'><strong>uiuunt]</strong></span> <span class='ocrx_word' id='word_1_284' title='bbox 2284 4876 2630 4931; x_wconf 79' lang='lat' dir='ltr'><strong>inueniuntur</strong></span> <span class='ocrx_word' id='word_1_285' title='bbox 2666 4874 2739 4929; x_wconf 78' lang='lat'><em>1</em></span> 
     </span>
     <span class='ocr_line' id='line_1_35' title="bbox 466 4961 2732 5037; baseline -0.001 -18"><span class='ocrx_word' id='word_1_286' title='bbox 466 4969 511 5022; x_wconf 70' lang='lat' dir='ltr'><strong>si</strong></span> <span class='ocrx_word' id='word_1_287' title='bbox 549 4985 652 5026; x_wconf 79' lang='lat' dir='ltr'><strong>om.</strong></span> <span class='ocrx_word' id='word_1_288' title='bbox 695 4970 741 5021; x_wconf 65' lang='lat' dir='ltr'><strong>(J</strong></span> <span class='ocrx_word' id='word_1_289' title='bbox 883 4969 949 5023; x_wconf 82' lang='lat'><strong>12</strong></span> <span class='ocrx_word' id='word_1_290' title='bbox 985 4968 1054 5023; x_wconf 72' lang='lat' dir='ltr'><strong>sd</strong></span> <span class='ocrx_word' id='word_1_291' title='bbox 1093 4968 1217 5037; x_wconf 62' lang='lat' dir='ltr'><strong>alt]</strong></span> <span class='ocrx_word' id='word_1_292' title='bbox 1255 4984 1288 5021; x_wconf 83' lang='lat' dir='ltr'><strong>a</strong></span> <span class='ocrx_word' id='word_1_293' title='bbox 1327 4968 1376 5019; x_wconf 78' lang='lat' dir='ltr'><em>A</em></span> <span class='ocrx_word' id='word_1_294' title='bbox 1413 4969 1569 5034; x_wconf 78' lang='lat' dir='ltr'><strong>(corr.</strong></span> <span class='ocrx_word' id='word_1_295' title='bbox 1606 4969 1738 5033; x_wconf 62' lang='grc' dir='ltr'><strong>ΜΒ),</strong></span> <span class='ocrx_word' id='word_1_296' title='bbox 1774 4965 1829 5018; x_wconf 88' lang='grc' dir='ltr'><strong><em>Β</em></strong></span> <span class='ocrx_word' id='word_1_297' title='bbox 1970 4964 2338 5035; x_wconf 84' lang='lat' dir='ltr'><strong>deuotionem]</strong></span> <span class='ocrx_word' id='word_1_298' title='bbox 2374 4961 2732 5017; x_wconf 74' lang='lat' dir='ltr'><strong>induitione-</strong></span> 
     </span>
     <span class='ocr_line' id='line_1_36' title="bbox 464 5049 2726 5122; baseline -0.003 -11"><span class='ocrx_word' id='word_1_299' title='bbox 464 5055 585 5111; x_wconf 74' lang='lat' dir='ltr'><strong>eda.</strong></span> <span class='ocrx_word' id='word_1_300' title='bbox 733 5060 794 5110; x_wconf 73' lang='lat'><strong>13</strong></span> <span class='ocrx_word' id='word_1_301' title='bbox 850 5057 1145 5111; x_wconf 58' lang='lat' dir='ltr'><strong>nudus-n*</strong></span> <span class='ocrx_word' id='word_1_302' title='bbox 1188 5055 1259 5109; x_wconf 78' lang='lat' dir='ltr'><strong><em>M</em></strong></span> <span class='ocrx_word' id='word_1_303' title='bbox 1419 5055 1485 5107; x_wconf 88' lang='grc'><strong>16</strong></span> <span class='ocrx_word' id='word_1_304' title='bbox 1540 5057 1634 5107; x_wconf 84' lang='lat' dir='ltr'><strong>aut</strong></span> <span class='ocrx_word' id='word_1_305' title='bbox 1687 5057 1869 5122; x_wconf 69' lang='lat' dir='ltr'><strong>(corr.)</strong></span> <span class='ocrx_word' id='word_1_306' title='bbox 1913 5051 2028 5106; x_wconf 79' lang='lat' dir='ltr'><strong>NB</strong></span> <span class='ocrx_word' id='word_1_307' title='bbox 2195 5052 2261 5106; x_wconf 86' lang='lat'><strong>18</strong></span> <span class='ocrx_word' id='word_1_308' title='bbox 2317 5050 2384 5106; x_wconf 71' lang='lat' dir='ltr'><strong>ad</strong></span> <span class='ocrx_word' id='word_1_309' title='bbox 2439 5049 2726 5119; x_wconf 67' lang='lat' dir='ltr'><strong>abolenda]</strong></span> 
     </span>
     <span class='ocr_line' id='line_1_37' title="bbox 464 5138 2727 5211; baseline -0.003 -13"><span class='ocrx_word' id='word_1_310' title='bbox 464 5145 805 5200; x_wconf 77' lang='lat' dir='ltr'><strong>aboboienda</strong></span> <span class='ocrx_word' id='word_1_311' title='bbox 862 5145 918 5196; x_wconf 76' lang='lat' dir='ltr'><em>X</em></span> <span class='ocrx_word' id='word_1_312' title='bbox 966 5149 1055 5211; x_wconf 76' lang='lat' dir='ltr'><strong>(cx</strong></span> <span class='ocrx_word' id='word_1_313' title='bbox 1107 5140 1463 5197; x_wconf 68' lang='lat' dir='ltr'><strong>adebolemda</strong></span> <span class='ocrx_word' id='word_1_314' title='bbox 1511 5141 1585 5208; x_wconf 75' lang='lat' dir='ltr'><strong>F,</strong></span> <span class='ocrx_word' id='word_1_315' title='bbox 1642 5143 1824 5208; x_wconf 78' lang='lat' dir='ltr'><strong>(e-orr.)</strong></span> <span class='ocrx_word' id='word_1_316' title='bbox 1879 5141 1947 5207; x_wconf 79' lang='lat' dir='ltr'><strong>A,</strong></span> <span class='ocrx_word' id='word_1_317' title='bbox 2002 5139 2167 5207; x_wconf 81' lang='lat' dir='ltr'><strong>(dobo</strong></span> <span class='ocrx_word' id='word_1_318' title='bbox 2211 5143 2307 5192; x_wconf 68' lang='lat'><strong>„13</strong></span> <span class='ocrx_word' id='word_1_319' title='bbox 2358 5139 2423 5192; x_wconf 64' lang='lat' dir='ltr'><strong>iu</strong></span> <span class='ocrx_word' id='word_1_320' title='bbox 2473 5141 2609 5204; x_wconf 72' lang='lat' dir='ltr'><strong>ran.)</strong></span> <span class='ocrx_word' id='word_1_321' title='bbox 2653 5138 2727 5200; x_wconf 85' lang='lat' dir='ltr'><strong>B)</strong></span> 
     </span>
     <span class='ocr_line' id='line_1_38' title="bbox 464 5224 2725 5304; baseline -0.004 -17"><span class='ocrx_word' id='word_1_322' title='bbox 464 5235 528 5287; x_wconf 77' lang='grc'><strong>’21</strong></span> <span class='ocrx_word' id='word_1_323' title='bbox 569 5234 625 5287; x_wconf 87' lang='lat' dir='ltr'><strong>in</strong></span> <span class='ocrx_word' id='word_1_324' title='bbox 653 5250 744 5302; x_wconf 78' lang='lat' dir='ltr'><strong>pr.</strong></span> <span class='ocrx_word' id='word_1_325' title='bbox 781 5250 882 5285; x_wconf 89' lang='lat' dir='ltr'><strong>om.</strong></span> <span class='ocrx_word' id='word_1_326' title='bbox 927 5231 1032 5285; x_wconf 75' lang='grc' dir='ltr'><strong>ΘΔ</strong></span> <span class='ocrx_word' id='word_1_327' title='bbox 1211 5230 1279 5283; x_wconf 85' lang='grc'><strong>22</strong></span> <span class='ocrx_word' id='word_1_328' title='bbox 1317 5229 1626 5304; x_wconf 77' lang='lat' dir='ltr'><strong>uestimenti</strong></span> <span class='ocrx_word' id='word_1_329' title='bbox 1666 5230 1738 5282; x_wconf 78' lang='lat' dir='ltr'><em>M</em></span> <span class='ocrx_word' id='word_1_330' title='bbox 1920 5227 1989 5281; x_wconf 87' lang='grc'><strong>24</strong></span> <span class='ocrx_word' id='word_1_331' title='bbox 2026 5227 2379 5297; x_wconf 78' lang='lat' dir='ltr'><strong>prophetetur</strong></span> <span class='ocrx_word' id='word_1_332' title='bbox 2419 5225 2465 5280; x_wconf 80' lang='lat' dir='ltr'><strong>C</strong></span> <span class='ocrx_word' id='word_1_333' title='bbox 2498 5224 2725 5296; x_wconf 81' lang='lat' dir='ltr'><strong>prophe-</strong></span> 
     </span>
    </p>
   </div>
   <div class='ocr_carea' id='block_1_9' title="bbox 464 5317 760 5374">
    <p class='ocr_par' dir='ltr' id='par_1_10' title="bbox 464 5317 760 5374">
     <span class='ocr_line' id='line_1_39' title="bbox 464 5317 760 5374; baseline -0.01 0"><span class='ocrx_word' id='word_1_334' title='bbox 464 5325 611 5374; x_wconf 63' lang='lat' dir='ltr'><strong>tatur</strong></span> <span class='ocrx_word' id='word_1_335' title='bbox 646 5320 710 5374; x_wconf 82' lang='lat' dir='ltr'><strong><em>N</em></strong></span> <span class='ocrx_word' id='word_1_336' title='bbox 708 5317 760 5371; x_wconf 75' lang='grc' dir='ltr'><strong>λ’</strong></span> 
     </span>
    </p>
   </div>
  </div>
 </body>
</html>
