3275 6434
215 687 1186 1027 -
1274 994 1349 1007 s..-

695 1413 768 1484 Cap.
787 1414 872 1468 XLVI
890 1417 986 1469 8-11.
1367 1427 1409 1487 gp

281 1615 301 1669 et
326 1622 431 1669 arcam
460 1604 588 1671 douiini.
619 1605 723 1670 Dauid
751 1607 835 1671 enim
862 1607 892 1670 in
922 1626 1019 1692 regno
1048 1628 1106 1674 suo
1134 1611 1293 1692 disposuit
1322 1613 1408 1678 uices

279 1709 485 1776 sacerdotibus
510 1710 696 1788 attonitis,
720 1715 797 1776 uta
820 1711 935 1794 uiginti
958 1713 1046 1777 annis
1079 1718 1112 1778 et
1141 1734 1245 1798 supra,
1278 1718 1308 1781 in
1335 1717 1408 1802 lege

276 1818 371 1880 autam
395 1834 414 1879 a
442 1816 558 1899 uiginti
585 1817 723 1899 quinque
751 1816 841 1881 annis
870 1821 903 1881 et
930 1837 1035 1901 supra,
1062 1820 1236 1902 inciperent
1264 1823 1409 1888 exhibere

273 1919 394 1984 cernitis
421 1920 588 1986 dominicis
612 1921 820 1987 caerimoniis.
843 1927 880 1986 ιιι
897 1928 1005 1988 essent
1026 1943 1062 1988 ex
1081 1923 1155 1990 filiis
1175 1927 1290 2003 Aaron,
1308 1927 1341 1992 id
1359 1936 1410 1993 est

252 2024 304 2089 aue
338 2024 455 2090 Finees
487 2031 520 2089 ct
555 2026 695 2090 Ithamar
730 2026 871 2104 maduee,
908 2027 1028 2093 classes
1060 2029 1258 2096 sacerdotum
1291 2033 1407 2116 uiginti

270 2132 427 2211 spuattuor,
450 2150 530 2213 quoe
552 2131 639 2195 uices
662 2150 738 2196 suae
761 2134 889 2216 agerent
915 2133 1009 2197 certis
1038 2136 1243 2218 temporibus.
1272 2136 1404 2203 Louitae

268 2238 369 2300 sutem
395 2235 562 2301 constituti
590 2242 674 2313 erunt,
698 2237 753 2317 qui
775 2240 883 2302 essent
905 2238 1098 2304 tabernaculi
1120 2239 1268 2307 ianitores
1291 2246 1324 2306 et
1348 2244 1403 2324 qni

268 2340 362 2405 baiuli
392 2359 483 2405 arcae
517 2339 635 2405 domini
656 2345 690 2407 et
711 2342 766 2423 qui
788 2342 936 2407 excubias
958 2342 1163 2409 obsemarent
1185 2348 1218 2411 et
1240 2347 1295 2429 qui
1314 2365 1405 2413 uaso·

269 2465 333 2511 rum
356 2450 467 2511 essent
488 2446 637 2512 cristodes
660 2451 693 2511 et
714 2447 768 2530 qui
787 2448 984 2530 promiscuas
1003 2449 1201 2532 susciperent
1218 2450 1403 2517 oblationes.

232 2571 255 2610 ιι·
270 2560 300 2615 et
332 2550 452 2635 uiginti
488 2554 637 2634 quattuor
674 2552 792 2618 classes
829 2552 994 2618 institutae
1033 2559 1108 2619 sunt
1143 2555 1336 2620 coutentium
1373 2563 1407 2621 et

270 2656 518 2721 citharimutium
547 2662 580 2721 et
605 2657 798 2724 musicorum
828 2662 1013 2734 ceterorum,
1044 2658 1091 2722 ita
1117 2662 1155 2723 ut
1182 2661 1277 2724 etiarn
1300 2660 1343 2740 hi,
1371 2659 1405 2725 id

270 2767 315 2825 est
340 2780 451 2827 omues
482 2763 620 2836 leuitas,
648 2762 800 2827 haberent
826 2765 1006 2846 tempomm
1035 2763 1133 2842 uices,
1167 2764 1242 2846 quia
1275 2783 1404 2831 necesse

271 2871 330 2929 erat
355 2885 411 2931 eos
440 2870 473 2932 et
501 2867 600 2930 otium
632 2866 756 2932 habore.
789 2871 825 2931 ιιι
858 2872 890 2931 et
918 2866 1081 2932 domomum
1114 2887 1242 2934 suarum
1276 2873 1405 2954 agerent

270 2988 381 3033 ruram.

235 3097 256 3137 rr
310 3078 361 3139 ll.
383 3076 424 3141 Et
448 3097 507 3142 non
531 3077 634 3141 solum
658 3077 734 3142 isaeo
757 3078 924 3160 proficiunt
947 3078 985 3141 ad
1010 3097 1138 3143 causum
1162 3099 1258 3162 supra
1277 3078 1402 3157 dictum,

269 3180 413 3263 quoniam
437 3179 588 3252 Samuhel
610 3201 670 3248 nou
693 3182 755 3247 init
777 3182 816 3247 de
839 3182 913 3246 filiis
936 3185 1050 3247 Aaron.
1078 3184 1133 3248 sed
1156 3186 1189 3248 et
1210 3183 1291 3249 illud
1318 3184 1402 3266 qnod

269 3285 342 3352 uicit
357 3291 462 3352 mater
478 3286 547 3352 eins
561 3284 601 3351 ad
615 3286 792 3352 dominum:
812 3287 904 3369 quin
925 3287 958 3351 si
977 3287 1086 3363 mihi,
1104 3288 1218 3371 iuquit,
1238 3288 1400 3354 dederis

268 3390 411 3471 tilium,
448 3391 653 3458 commodo
694 3410 780 3457 cunr
823 3393 981 3457 domino
1024 3394 1211 3459 omnibus
1253 3393 1400 3459 diebus

267 3496 374 3562 uitae
393 3515 497 3562 suae.
510 3515 572 3563 non
585 3497 647 3561 hoc
660 3497 787 3573 diceret,
806 3498 834 3561 si
854 3503 940 3561 esset
954 3502 1046 3563 natue
1061 3498 1263 3563 sacerdos-
1278 3506 1401 3582 oporte-

229 3622 253 3667 ω
267 3600 320 3665 sea
331 3602 417 3667 enim
431 3601 522 3667 illurn
537 3604 656 3666 semire
666 3602 756 3665 altari
765 3638 818 3667 —.
830 3601 886 3667 scd
900 3603 1177 3685 quiaLeuitae1·at
1192 3609 1223 3668 et
1237 3602 1338 3668 adhuc
1352 3605 1401 3668 lor

263 3706 385 3773 lanius
408 3724 470 3773 non
494 3710 561 3772 erat
584 3707 696 3792 posita,
720 3707 776 3772 sed
799 3727 882 3772 nnus
905 3709 1040 3791 quisque
1069 3729 1123 3792 pro
1152 3709 1315 3775 uoluntate
1342 3730 1401 3774 sua

262 3810 389 3896 notat,
410 3812 458 3877 ita
478 3818 516 3875 ut
537 3812 716 3878 oberrantes
734 3812 855 3879 inlicito
873 3817 1116 3895 praesumerent
1134 3813 1296 3879 Ionatham
1316 3815 1400 3879 enim

261 3914 349 3981 filins
380 3915 439 3980 tilii
466 3917 581 4001 Mopsi,
610 3936 682 3983 cum
710 3919 792 3983 inter
819 3919 948 3983 Leuitas
977 3919 1147 4000 deputatus
1176 3924 1270 3996 esset,
1299 3938 1401 3985 saeer-

262 4020 388 4087 tctium
409 4035 504 4107 agere
525 4024 739 4105 praesumpsit
759 4022 857 4088 tribui
881 4023 958 4088 Dan.
982 4041 1019 4087 ac
1040 4042 1096 4105 per
1117 4025 1177 4087 hoc
1204 4024 1341 4107 legimus
1368 4025 1399 4088 in

215 4151 244 4196 re
261 4125 345 4192 libro
368 4125 527 4206 Indicum,
549 4127 626 4211 quia
651 4146 757 4194 unus
781 4128 965 4210 quisque.
992 4127 1106 4210 inquit,
1132 4128 1292 4211 placita
1319 4128 1400 4194 sibi

258 4231 455 4308 faciebat,
480 4249 522 4297 eo
551 4231 654 4314 quod
682 4251 754 4297 uon
783 4237 897 4297 esset
924 4251 990 4296 rer
1017 4230 1055 4295 in
1084 4231 1254 4299 Israhel.
1282 4233 1399 4298 idcirco

351 4489 364 4542 1
384 4488 420 4544 ct.
439 4489 452 4543 1
470 4489 530 4544 Par.
549 4489 593 4557 24,
611 4491 628 4544 3
646 4505 721 4560 seqq.
786 4490 818 4543 17
837 4489 851 4543 1
870 4489 935 4559 iteg.
957 4491 980 4556 1,
1000 4491 1029 4544 11
1095 4491 1131 4544 22
1150 4490 1184 4544 ci.
1203 4489 1281 4545 lutri.
1302 4490 1342 4558 18,
1361 4493 1398 4545 30

258 4578 297 4633 25
316 4575 396 4636 1ιι1ι1
417 4578 459 4648 17,
477 4579 495 4632 u
525 4585 538 4630 0·

215 4732 219 4756 '
296 4732 520 4789 assonetur(
571 4734 837 4803 tportoblstiones
856 4734 959 4789 sacam
978 4734 1152 4803 iuPueque
1170 4734 1330 4804 adponat.
1348 4739 1401 4788 101

259 4826 304 4892 (p.
321 4823 388 4887 108,
406 4824 454 4892 11)
508 4821 541 4877 11
560 4816 838 4893 φιιιηιωιίιιωθ
898 4821 1049 4878 noenu
1108 4820 1259 4876 annox
1320 4820 1354 4875 18
1370 4828 1401 4876 et

262 4908 360 4981 etin]
377 4909 434 4964 cito
451 4908 556 4966 cut)
607 4909 642 4963 14
660 4909 759 4978 cunm}
778 4909 859 4964 dreni
877 4912 971 4977 (corr.)
988 4908 1027 4963 Π
1073 4909 1106 4962 lt
1123 4907 1190 4963 huet
1207 4907 1349 4978 proficiant
1364 4907 1401 4962 Β

265 4998 297 5053 11
314 4996 351 5053 ari
368 4996 518 5069 dudm]
531 4994 736 5068 eudemon.
750 4996 816 5053 auu.
829 5013 852 5052 a.
867 4996 946 5067 t.)1
1001 4996 1121 5067 qnia&
1133 4998 1201 5063 rua.)
1215 4994 1253 5049 Μ
1287 4994 1321 5049 18
1334 5011 1400 5066 qno·

264 5084 344 5142 uso
368 5085 491 5153 Otcurr.
514 5083 646 5154 comodo),
662 5085 694 5140 X
744 5085 780 5138 20
798 5083 935 5140 altariiG
983 5083 1020 5138 22
1037 5082 1177 5138 ionathm
1196 5081 1349 5137 Oionattrt
1364 5082 1401 5137 Π

266 5171 377 5228 auu·
392 5172 452 5227 ΠΧ
521 5172 557 5227 23
573 5170 667 5228 lenitis
684 5175 776 5240 (corr.)
793 5170 826 5225 N
884 5172 919 5225 24
938 5169 1041 5225 tributi
1062 5168 1175 5223 utnon
1192 5168 1253 5224 Nx
1336 5169 1397 5224 Dan

270 5274 319 5313 ors.
336 5259 402 5314 NX'
