3275 6434
220 1201 286 1264 214
611 1196 711 1250 Liber
733 1196 966 1266 questionum

266 1390 318 1453 la.
357 1387 438 1468 Quia
474 1392 581 1455 autom
614 1389 735 1455 imatus
768 1392 819 1454 eat
851 1389 1072 1472 paenitentiae,
1110 1390 1156 1454 ita
1186 1389 1357 1476 siguificat:

221 1494 404 1570 diaconii,
440 1493 554 1577 inquit,
592 1493 685 1558 daho
728 1494 950 1561 manducare
987 1513 1127 1574 manua,
1164 1494 1262 1579 quod
1304 1497 1359 1559 ost

223 1599 485 1666 absconditum
520 1637 563 1647 —
590 1603 628 1665 ut
652 1617 709 1684 per
735 1599 960 1684 paenitentiam
989 1601 1060 1684 quis
1087 1601 1196 1666 uincet
1222 1604 1360 1684 peccata.

222 1705 299 1790 quid
330 1709 381 1770 ast
411 1705 495 1770 euim
521 1705 685 1788 peculiari,
712 1705 774 1771 nisi
802 1705 908 1771 dolere
933 1706 1105 1790 'praeterita
1131 1710 1164 1771 at
1190 1704 1229 1771 de
1257 1709 1361 1771 cetero

223 1815 397 1895 temperare
419 1812 459 1876 ab
482 1811 533 1876 his
556 1830 637 1894 quas
661 1811 852 1877 admiserat?
876 1851 919 1859 —
942 1814 981 1877 et
1003 1814 1136 1897 angelo
1159 1811 1363 1895 'thyatirae
1392 1829 1406 1871 ι

225 1917 411 1982 ecclesiae
435 1917 572 1982 scribe:
597 1918 686 1983 haec
710 1917 806 1982 dicit
828 1917 939 1983 iilius
964 1917 1033 1995 dei,
1058 1918 1121 2002 qui
1144 1917 1259 1984 hahet
1283 1935 1365 1982 ocn-

225 2023 282 2088 los
297 2040 384 2086 suos
400 2022 502 2087 sicut
517 2022 669 2087 flamma
682 2021 793 2107 ignia,
813 2025 850 2088 ot
867 2022 980 2106 pedes
1000 2024 1080 2089 eius
1100 2022 1248 2089 similes
1268 2040 1364 2087 aara-

225 2131 348 2193 mento
372 2127 513 2192 turino:
538 2127 618 2193 acio
643 2131 840 2211 operatua
863 2132 900 2212 e‚t
923 2127 1166 2194 dilectionem
1192 2126 1366 2194 attidem

226 2238 264 2299 at
284 2232 539 2297 ministerium
564 2236 601 2297 et
622 2232 845 2316 patientiam
870 2236 907 2298 at
930 2253 1041 2318 opero
1069 2238 1134 2299 tua
1155 2233 1368 2299 nouissimo

227 2339 385 2404 meliora
406 2337 585 2422 priorum.
610 2338 672 2403 aed
697 2339 814 2406 haheo
843 2340 1043 2406 aduersum
1070 2344 1117 2417 te,
1146 2339 1243 2423 quod
1270 2339 1368 2404 uinis
1386 2359 1413 2402 ro

228 2443 424 2509 mulierem
446 2443 614 2519 Zautha),
649 2463 742 2527 quae
774 2463 814 2509 se
847 2444 943 2510 dicit
973 2445 1156 2528 profetam
1189 2446 1228 2508 at
1254 2443 1372 2508 docet

229 2553 266 2614 et
288 2550 439 2615 seducit
461 2568 592 2615 seruos
615 2569 717 2615 meos
741 2550 922 2617 fornicari
947 2555 983 2616 et
1004 2549 1229 2616 manducare
1256 2549 1370 2614 inmo-

228 2654 311 2720 lata
345 2654 472 2722 idolis.
506 2658 542 2719 et
574 2654 662 2720 dadi
695 2655 729 2720 oi
761 2660 909 2738 tempus
948 2656 991 2720 ad
1023 2655 1302 2739 paenitendum,
1336 2659 1373 2719 et

231 2761 356 2826 uoluit
387 2779 495 2845 agero
528 2762 802 2845 paonitentiam
835 2781 853 2826 a
885 2762 1138 2828 fornicatione
1170 2779 1246 2827 sua.
1285 2779 1372 2825 ecce

231 2865 378 2931 mittam
401 2865 508 2930 illam
531 2866 566 2931 in
593 2867 736 2932 lectum
760 2871 798 2932 et
820 2867 1016 2932 adulteros
1040 2867 1120 2932 eius
1144 2884 1220 2931 eum
1243 2864 1315 2929 illa
1336 2865 1373 2929 in
1391 2885 1419 2928 o

232 2970 520 3036 tribulationem
544 2991 723 3058 magnam,
746 2974 821 3037 uisi
845 2973 994 3058 egerint
1011 2971 1283 3056 paonitentiam
1302 2970 1375 3035 iac·

232 3079 354 3142 torum
378 3095 539 3156 suorum,
564 3081 601 3142 at
622 3081 732 3143 natos
756 3078 838 3144 eius
857 3079 1025 3144 occidam
1044 3081 1177 3154 morte;
1197 3080 1234 3141 et
1251 3076 1376 3142 sciant

234 3199 362 3247 omues
386 3178 583 3258 ecclesiia,
612 3183 699 3265 quia
727 3200 795 3267 ego
824 3201 904 3248 sum
933 3184 995 3266 qui
1024 3187 1176 3248 scrutor
1202 3198 1311 3246 renas
1341 3183 1376 3244 et

234 3287 355 3364 corda,
393 3291 431 3352 at
458 3287 551 3352 daho
580 3287 643 3354 uni
671 3289 807 3371 auique
834 3291 1002 3353 uestrum
1032 3287 1236 3354 seeundum
1265 3305 1377 3370 opero

235 3409 312 3456 aua.
336 3392 447 3457 uobis
466 3394 590 3457 auteur
615 3390 697 3457 dico
722 3394 862 3458 catoris
881 3393 944 3476 qui
963 3392 1166 3477 'thyatirae
1186 3391 1292 3468 estis,
1314 3390 1376 3474 qui
1394 3413 1422 3456 a>

235 3497 328 3563 hauc
353 3497 559 3563 doctrinam
582 3516 653 3562 non
676 3499 827 3564 hahetis
858 3503 894 3564 at
920 3500 1106 3584 ignoratis
1131 3497 1376 3565 altitudinem

238 3607 401 3680 satanae,
425 3605 528 3670 sicut
550 3603 695 3669 dicante
718 3623 788 3671 uon
811 3605 922 3671 mitto
940 3605 976 3669 iu
1002 3625 1069 3671 uos
1094 3603 1197 3669 aliud
1215 3603 1376 3688 pondus:

237 3729 369 3775 uerum
392 3714 515 3776 tamen
538 3714 665 3775 tenete
689 3709 787 3792 quod
810 3709 970 3788 hahetis,
990 3709 1281 3774 donec’nariiam.
1299 3708 1379 3772 uin·

331 3970 344 4022 l
365 3969 398 4023 oi.
417 3968 516 4022 liattlr.
535 3969 561 4032 3,
580 3970 605 4024 8.
624 3968 688 4022 Luc.
707 3970 732 4037 3,
752 3971 769 4022 h
886 3971 903 4022 2
922 3970 1004 4039 Apoc.
1024 3971 1050 4036 2,
1071 3971 1102 4023 ll
1217 3971 1233 4021 ὁ
1252 3969 1335 4038 Δροο.
1354 3970 1380 4035 2,

242 4057 348 4112 ra-ae

153 4183 241 4253 ΜΘ
279 4179 360 4249 iqui
374 4180 403 4233 X
440 4178 769 4248 cortemmiaco)
825 4179 894 4233 euim
909 4196 961 4233 oea.
976 4178 1008 4231 N
1058 4178 1238 4248 paenitereP
1291 4177 1382 4233 delere

243 4269 271 4324 P
286 4269 382 4323 dooere
400 4270 481 4336 (corr.
498 4284 549 4324 ree.
569 4267 718 4334 dimittere)
738 4268 772 4322 Μ
788 4267 881 4322 dolore
902 4268 1034 4335 Oleum.)
1052 4268 1083 4320 X
1098 4270 1178 4335 (corr.
1198 4268 1236 4331 Δ)
1273 4266 1289 4320 5
1308 4270 1382 4337 tyat-

243 4357 331 4411 thirae
343 4356 381 4410 Μ
396 4356 465 4410 tiara
484 4358 565 4413 (corr.
582 4356 687 4431 tiatira)
704 4355 857 4411 Otiathere
871 4355 902 4408 N
911 4359 992 4424 (corr.
1009 4355 1144 4426 tiathire),
1159 4353 1211 4407 FA
1229 4353 1343 4408 tiathire
1357 4355 1384 4408 Β

246 4446 343 4498 'lsuos
361 4460 429 4498 erus
449 4442 481 4495 N
556 4443 689 4497 dammam
709 4442 743 4495 N.
808 4444 905 4497 similis
924 4445 1016 4510 (corr.)
1034 4443 1066 4495 N
1134 4458 1257 4497 aeramen
1276 4441 1314 4495 Μ
1330 4443 1383 4512 ori-

244 4537 337 4588 meuto
354 4533 378 4587 G
412 4534 429 4586 8
448 4533 537 4586 turino
551 4532 579 4585 P
594 4532 671 4600 (seme
683 4531 766 4585 Ascla.
780 4532 829 4586 lut.
844 4533 910 4587 Lea.
927 4531 983 4586 III
996 4535 1074 4600 328),
1093 4534 1182 4602 tyrino
1197 4531 1233 4584 Μ
1250 4535 1275 4595 (o
1295 4546 1347 4584 rec.
1361 4548 1384 4582 s.

246 4626 272 4688 t,·
288 4623 366 4691 yrino
386 4626 475 4688 erue.)
497 4620 550 4673 CN
562 4620 636 4690 tyrin
655 4619 685 4673 Χ
758 4621 942 4674 dmisterium
962 4620 995 4672 M
1084 4620 1233 4674 nouissima
1250 4622 1323 4687 (amp.
1340 4636 1384 4687 pr.

247 4722 271 4778 a)
288 4711 324 4765 Μ
378 4711 411 4765 12
429 4726 492 4764 euos
510 4712 590 4775 (corr.
608 4711 670 4776 rec.)
688 4709 724 4762 Μ
791 4708 823 4762 18
842 4709 877 4778 ei)
896 4710 935 4762 eis
953 4709 1008 4762 FB
1079 4707 1113 4762 ad
1132 4705 1336 4778 paenitendum]
1357 4710 1385 4761 el

248 4800 427 4870 penitentium
445 4802 527 4866 (corr.
545 4796 780 4866 penitentiam)0
833 4799 866 4851 lc
884 4797 943 4866 illa]
961 4796 1035 4851 illam
1056 4794 1122 4848 ΜΝ
1136 4796 1227 4865 (coma)
1282 4795 1316 4849 ld
1335 4797 1384 4849 tri·

248 4887 388 4941 bulatioue
405 4903 505 4957 magna
523 4886 579 4939 Nx
648 4885 683 4939 20
701 4889 730 4940 et
748 4892 813 4939 onte
831 4887 927 4940 ceteris
947 4885 1012 4940 cdd.
1028 4885 1057 4938 Χ
1122 4884 1188 4939 estia
1206 4884 1342 4952 thyatirae
1360 4883 1388 4935 P

250 4976 406 5046 l'hyalirae]
428 4978 538 5044 tyutyre
560 4977 592 5041 (a.
616 4991 633 5027 u
656 4989 707 5028 ree.
731 4976 757 5039 a)
775 4974 812 5028 Μ
832 4974 924 5028 tiatira
946 4974 970 5026 0
988 4973 1101 5043 tiathire
1126 4972 1178 5026 ΝΑ
1201 4972 1314 5026 tiathire
1332 4971 1386 5026 FB

251 5066 285 5119 23
302 5068 393 5118 tamon
412 5062 447 5116 Μ
464 5079 514 5118 orn.
533 5071 579 5116 cet.
