3275 6434
232 992 297 1055 370
627 985 725 1040 Liber
743 986 976 1056 questionum

279 1182 331 1247 15.
358 1180 441 1247 Nam
468 1179 638 1247 sudeosrat
663 1181 794 1247 testatio
821 1181 1001 1260 siloamis,
1030 1200 1093 1266 qua
1120 1182 1185 1249 sibi
1213 1183 1374 1269 proprium

233 1289 355 1370 patrem
378 1284 499 1352 diaeum
520 1285 625 1352 deum.
647 1285 719 1368 quie
742 1285 826 1351 enim
850 1285 1045 1353 tradentium
1069 1287 1235 1354 dubitaret
1255 1287 1376 1353 nihils

233 1394 323 1475 nstro
344 1389 468 1457 ditione
489 1390 522 1456 in
546 1390 725 1456 substantia
746 1389 871 1455 tilium?
893 1391 950 1458 sed
973 1393 1049 1474 quia
1070 1392 1287 1459 hereticorum
1310 1410 1375 1476 pes·

232 1497 368 1563 narsitea
403 1495 599 1562 infidelitatis
638 1496 825 1562 tommentis
861 1495 934 1562 tidoi
965 1497 1036 1562 insa
1066 1498 1196 1580 pulsare
1227 1501 1375 1582 sospem

232 1601 326 1667 alitor
346 1600 527 1686 aooipiendo
549 1599 653 1666 fllium
675 1599 727 1666 dei
748 1619 843 1684 quam
861 1602 1070 1684 praeditatur,
1092 1602 1239 1669 additum
1263 1607 1317 1668 set
1336 1602 1374 1688 sd
1396 1620 1411 1668 s

232 1707 408 1773 taoieudam
428 1706 716 1773 manifestationem
738 1707 823 1772 huno
841 1710 914 1773 anto
933 1709 1039 1774 omnia
1056 1708 1140 1792 apud
1157 1709 1257 1775 deum
1276 1709 1374 1775 misse

233 1816 267 1879 ot
289 1812 383 1878 deum
406 1831 487 1890 esea,
509 1815 548 1877 ut
569 1812 743 1877 declararet
763 1813 849 1895 quod
871 1811 930 1878 iiiii
951 1811 1020 1879 ueri
1041 1812 1123 1880 ratio
1145 1815 1287 1898 mystice
1305 1833 1373 1880 oon-

231 1918 365 1995 tinebat
387 1937 443 2002 pes
457 1917 548 2002 qnod
570 1918 678 1983 diuina
700 1918 868 1983 elementia
890 1919 1046 1984 humanae
1068 1918 1248 1986 infirmitati
1271 1922 1373 2005 proui-

234 2025 320 2093 disse
343 2023 479 2102 uidetur,
501 2027 540 2089 ut
562 2024 699 2105 aperiret
722 2024 806 2108 quod
829 2026 975 2091 olausum
996 2025 1130 2107 petieris
1153 2026 1229 2093 fidei
1250 2028 1373 2094 monitis

233 2133 462 2197 resemauerat
1386 2146 1410 2192 a

281 2236 332 2302 16.
353 2234 442 2301 Unde
460 2233 577 2300 adieoit
595 2234 718 2300 diosna:
738 2234 871 2300 omnia
888 2253 958 2316 por
975 2235 1107 2318 ipsum
1130 2237 1243 2304 taeta
1270 2243 1371 2306 sunt

234 2345 273 2406 ut
294 2339 323 2404 si
345 2340 416 2423 quie
439 2358 475 2404 ea
498 2338 715 2423 superioribus
736 2339 768 2404 in
793 2339 898 2421 alique
922 2338 1107 2425 ambigeret,
1135 2341 1213 2424 quia
1239 2347 1373 2428 angusta

235 2450 287 2512 ost
315 2444 532 2528 intellegentia
562 2443 725 2509 hominum
757 2443 795 2509 ad
824 2443 948 2510 dininas
974 2463 1025 2511 roa
1053 2445 1232 2527 capiendae,
1261 2465 1299 2513 ex
1325 2447 1372 2514 iis

236 2568 334 2636 oapaa
356 2548 456 2626 tieret
480 2567 552 2631 oum
575 2548 680 2614 audit:
701 2549 831 2614 omnia
848 2568 916 2633 pos
934 2550 1065 2634 ipsum
1083 2551 1196 2617 faeta
1214 2557 1321 2631 aunt,
1338 2560 1372 2618 ut

234 2674 295 2723 nen
328 2655 438 2738 utique
470 2653 625 2719 iacturam
652 2655 759 2737 ipsum
786 2659 923 2736 putaret,
951 2656 1026 2739 quia
1053 2657 1159 2722 omnia
1184 2676 1242 2741 per
1269 2659 1370 2742 ipsum
1383 2673 1407 2718 as

235 2761 325 2828 audit
344 2761 430 2826 faeta
453 2778 471 2825 a
493 2758 561 2825 deo.
583 2759 612 2824 si
635 2764 741 2825 autem
763 2764 797 2825 et
818 2760 887 2843 ipse
911 2765 996 2828 esset
1021 2762 1154 2836 foetura,
1177 2782 1241 2829 non
1271 2766 1372 2829 omnis

234 2867 417 2951 peripsum
440 2864 524 2930 faeta
546 2883 564 2930 a
586 2864 644 2930 deo
668 2864 813 2941 dixisset:
838 2885 895 2932 neo
918 2867 1002 2932 enim
1024 2868 1094 2950 ipse
1122 2887 1178 2951 pas
1204 2887 1240 2934 so
1267 2867 1371 2935 fiebat

281 2971 331 3036 17.
360 2968 451 3049 Quod
479 2973 516 3034 ut
542 2969 645 3034 adhue
677 2970 856 3035 absolutius
888 2971 1036 3049 traderet,
1064 2973 1195 3038 adiecit:
1219 2977 1261 3039 ot
1289 2975 1371 3039 aine

232 3077 335 3158 ipse,
353 3075 466 3157 inquit,
486 3075 638 3139 iactum
663 3079 726 3140 est
750 3076 864 3141 nihil.
883 3078 942 3142 heo
966 3077 1073 3144 disens
1092 3079 1228 3144 exclusit
1246 3097 1370 3145 omnem

234 3181 480 3261 ooutrouarsiam
505 3183 538 3245 ot
560 3187 744 3264 argumenta
765 3186 895 3247 terrene.
919 3184 1065 3265 quamuis
1089 3184 1127 3250 da
1150 3203 1211 3249 non
1234 3185 1302 3250 sint
1316 3186 1370 3268 ¹qm
1384 3203 1409 3248 ao

234 3285 387 3362 diffidant,
411 3289 527 3358 tamen,
551 3285 675 3368 quando
700 3287 767 3351 aine
789 3287 859 3369 ipso
879 3288 958 3352 nihil
976 3289 1097 3354 factum
1115 3290 1268 3365 ostendit,
1288 3291 1371 3357 nulio

233 3390 441 3456 modoinum
464 3392 618 3455 facturam
642 3409 713 3457 esse
736 3393 892 3475 auspicari
911 3393 1023 3458 debere
1042 3395 1177 3459 edocuit
1196 3414 1260 3477 quo
1280 3397 1370 3461 medo

234 3497 318 3562 enim
349 3499 455 3578 potest
486 3494 550 3561 diei
581 3497 650 3580 ipse
678 3497 907 3575 deminutum,
936 3518 1008 3564 oum
1036 3500 1116 3564 nihil
1142 3500 1270 3566 dicatur
1296 3501 1371 3566 dous

234 3602 302 3667 siue
325 3601 395 3684 ipse
418 3600 553 3667 fecisse?
578 3601 607 3667 si
630 3602 711 3665 enim
736 3602 822 3679 fecit,
842 3605 994 3668 mentitur
1013 3605 1178 3686 scriptura.
1203 3605 1259 3670 sed
1281 3607 1371 3681 absit,

235 3707 311 3788 quia
341 3704 443 3772 fidelis
471 3709 522 3771 ost
549 3708 712 3789 seriptum,
735 3725 823 3789 quae,
846 3711 884 3772 ut
910 3726 1044 3775 errorem
1072 3714 1226 3794 amputet,
1256 3717 1372 3793 quanta
1386 3730 1412 3776 ss

234 3814 341 3892 petest
363 3811 465 3876 utitur
482 3810 734 3876 manifestatione
753 3812 791 3875 ad
810 3811 946 3877 salutem
965 3813 1129 3878 hominum
1147 3812 1371 3880 redimendam.

326 4069 568 4131 lof.10h.5,18
634 4069 858 4133 dos.ioh.1‚l
935 4072 1188 4140 11..1410h.1,8
1264 4074 1372 4129 181011.

237 4157 297 4226 1,3
351 4158 383 4212 21
405 4157 437 4212 cs.
457 4157 515 4212 Ioh.
536 4159 595 4220 1‚3

272 4317 285 4370 l
306 4313 442 4369 sufficeret
462 4316 485 4368 0
502 4314 654 4370 suidoeraet
672 4315 703 4368 N
717 4315 855 4370 sufficerat
872 4316 926 4372 Fa
998 4320 1155 4374 testimonio
1169 4319 1283 4382 m
1296 4327 1372 4389 (sorr.

235 4402 441 4467 testimonium).
460 4403 490 4457 X
547 4421 599 4473 quo
618 4403 740 4465 mom
779 4405 897 4459 dulium
917 4421 1007 4460 uerum
1028 4407 1055 4460 P
1098 4406 1375 4464 ‘ideslaseretOFB

235 4491 329 4561 Spar]
347 4494 410 4560 post
426 4490 563 4560 (sorr.)0
631 4492 807 4562 tapparerat
826 4494 853 4545 P
924 4495 958 4548 15
977 4500 1060 4564 utque
1078 4495 1115 4548 dl
1185 4498 1218 4550 17
1236 4496 1324 4551 disset
1341 4498 1376 4552 u

237 4578 270 4634 18
289 4580 331 4647 ut]
350 4593 402 4633 om.
421 4578 503 4633 Poe
522 4578 558 4632 ud
575 4578 611 4646 (1)
629 4595 699 4633 erus.
718 4580 754 4633 M
824 4581 964 4635 absolutus
982 4582 1011 4634 X
1068 4584 1102 4636 20
1121 4586 1332 4638 controuersiam
1353 4585 1378 4641 0

236 4665 270 4720 de
288 4667 354 4734 nou]
374 4663 407 4719 de
426 4666 454 4719 P
469 4682 522 4720 non
542 4664 575 4721 de
593 4665 625 4719 N
639 4684 692 4721 non
711 4668 740 4721 X
810 4669 867 4738 qui]
888 4666 969 4738 dequi
987 4669 1061 4733 m
1078 4674 1157 4737 (corr.
1176 4670 1323 4741 dequibus)
1341 4674 1373 4727 ds

237 4753 334 4822 quibus
355 4752 408 4807 Ga
466 4754 501 4808 28
518 4755 577 4823 ipse
596 4758 668 4809 estse
687 4759 709 4824 (s
723 4771 768 4825 pr.
787 4760 870 4823 eros.)
889 4756 993 4811 sectam
1012 4756 1045 4811 N
1058 4759 1145 4828 ipsum
1164 4775 1225 4814 esse
1243 4761 1374 4815 iacturam

238 4839 292 4894 GA
346 4839 412 4894 deus
430 4856 482 4897 oss.
502 4840 529 4894 P
571 4842 605 4897 26
625 4842 758 4896 homiuem
776 4843 829 4897 PC
845 4845 963 4898 omnium
981 4845 1018 4899 Μ
1068 4845 1251 4900 redimendam
1272 4864 1322 4902 oso.
1341 4848 1376 4902 M
