3275 6434
1143 988 1352 996 —

472 1484 607 1550 206
1265 1479 1463 1537 Liber
1506 1481 1971 1551 quaestionum

471 1693 609 1754 eos,
653 1674 824 1759 quia,
868 1667 928 1740 si
972 1673 1355 1759 paeniteant,
1399 1677 1701 1759 poterunt
1744 1674 1824 1740 ad
1869 1677 2110 1741 statum
2168 1694 2357 1742 snum
2416 1674 2758 1759 pristinum

474 1779 818 1848 reformari.
848 1778 1164 1848 untentia
1189 1779 1356 1847 enim
1382 1783 1539 1847 tuno
1566 1783 1800 1859 manet,
1826 1780 2024 1847 sinon
2044 1779 2411 1847 emendetur
2429 1778 2758 1846 delictum.

562 1886 624 1953 8.
641 1885 929 1970 Denique
945 1883 1267 1953 Nineuitis
1283 1885 1715 1970 praedicatum
1737 1888 1859 1964 est,
1880 1886 2031 1969 quia
2047 1889 2197 1971 post
2211 1885 2496 1952 triduum
2517 1889 2760 1952 euerte-

473 1994 648 2058 retur
681 1990 912 2058 oinitas
948 2008 1189 2058 eorum.
1225 2007 1419 2073 quare
1452 1994 1604 2075 post
1637 1989 1922 2057 triduum
1962 1990 2088 2056 nisi
2126 1994 2201 2056 ut
2225 1995 2339 2057 aut
2364 1992 2762 2074 paeniterent

471 2099 543 2164 et
567 2095 918 2163 auferretur
940 2095 1272 2176 sententia,
1292 2096 1494 2162 autin
1525 2115 1599 2164 eo
1628 2100 2066 2180 permanentes
2092 2097 2331 2164 iustius
2359 2097 2760 2182 deperirent?

475 2203 598 2269 hoo
640 2204 743 2269 est
783 2201 956 2286 quod
998 2200 1156 2268 dixit
1199 2220 1310 2285 per
1353 2202 1691 2286 profetam:
1737 2204 1911 2268 nolo
1966 2207 2277 2269 mortem
2334 2202 2753 2280 morientis,

473 2312 836 2392 quantum
860 2311 946 2375 ut
969 2310 1401 2375 reuertatur
1426 2312 1501 2374 et
1535 2307 1771 2374 uiuat.
1809 2308 1903 2375 ita
1927 2309 2164 2375 factum
2199 2312 2301 2375 est
2325 2313 2399 2373 ut
2434 2308 2762 2376 morituris

473 2420 877 2498 peecatorum
898 2411 1425 2480 oausaNineuitis
1450 2414 1883 2498 ignosceretur
1910 2414 2296 2496 paenitentia
2311 2414 2761 2499 subsequente.

480 2522 554 2586 ut
586 2518 739 2603 quid
779 2518 1014 2585 etenim
1059 2521 1312 2585 eentum
1359 2519 1538 2585 annis
1584 2519 1706 2584 sub
1740 2518 1880 2584 Noe
1926 2537 2133 2586 arcam
2176 2520 2541 2585 innenimns
2579 2520 2765 2584 fabri·

472 2627 703 2702 eam,
749 2623 873 2690 nisi
908 2627 984 2690 ut
1016 2622 1306 2690 uidentes
1345 2628 1411 2690 et
1443 2623 1770 2690 audientes
1806 2624 1963 2708 quid
1995 2625 2326 2690 inmineret
2360 2624 2766 2690 emendarent
2794 2643 2853 2690 ι.

477 2733 590 2796 se?
625 2729 936 2795 neminem
972 2728 1140 2795 enim
1179 2730 1324 2795 uult
1357 2728 1512 2795 deus
1557 2729 1777 2813 perire.
1815 2730 1962 2796 hino
1999 2734 2100 2796 est
2137 2730 2300 2796 unde
2329 2731 2391 2796 in
2424 2730 2763 2797 Solomone

475 2834 782 2922 legimus:
819 2835 1184 2919 quoniam.
1223 2835 1918 2918 inquitaltissimus
1956 2836 2317 2901 misertus
2363 2840 2482 2902 est
2520 2836 2763 2920 paeni·

477 2942 840 3020 tentibus,
868 2946 935 3008 et
958 2942 1218 3007 iterum:
1248 2942 1632 3008 misereris
1662 2941 2009 3021 omnium,
2039 2943 2215 3025 quia
2244 2942 2487 3007 omnia
2514 2946 2762 3026 potu,

478 3051 556 3113 et
590 3047 1033 3114 dissimulas
1070 3051 1382 3132 peecata
1426 3047 1807 3114 hominum
1844 3053 2156 3131 propter
2191 3048 2761 3131 paenitentiam.

481 3154 602 3218 hoo
629 3171 817 3218 sensu
848 3154 1036 3218 etiam
1068 3152 1362 3220 dominus
1392 3152 1609 3218 dolens
1649 3171 1839 3237 super
1874 3153 2196 3236 perfidiam
2228 3153 2607 3219 Iudaeorum
2645 3154 2762 3218 ait:
2807 3175 2853 3220 ι

480 3258 976 3335 Hierusalem,
1038 3258 1533 3336 Hierusalem,
1599 3277 1787 3341 quae
1858 3259 2238 3324 interficis
2296 3258 2636 3342 profetas
2694 3265 2767 3324 et

480 3363 777 3447 lapidas
825 3365 1101 3430 missos
1149 3365 1233 3430 ad
1273 3370 1365 3430 te.
1405 3365 1759 3448 quotiens
1799 3365 2008 3430 uolui
2049 3382 2510 3449 congregare
2549 3365 2764 3428 filios

482 3476 678 3548 tuos,
726 3487 945 3552 quem
993 3469 1081 3534 ad
1127 3471 1419 3536 modum
1469 3470 1753 3555 gallina
1799 3473 2217 3556 congregat
2269 3469 2528 3553 pullos
2586 3489 2765 3534 suos

484 3576 619 3640 sub
668 3574 813 3641 alis
860 3576 1045 3653 suis,
1093 3582 1167 3641 et
1212 3576 1614 3642 noluistis!

573 3682 634 3747 9.
685 3682 891 3766 Igitur
937 3699 1186 3765 semper
1230 3681 1521 3748 dominus
1578 3700 1691 3766 per
1744 3685 1945 3748 totam
2000 3683 2208 3766 legem
2266 3685 2633 3764 peccatores
2692 3680 2769 3744 ad
2801 3705 2846 3748 ω

484 3805 553 3852 se
599 3787 884 3853 conuerti
929 3786 1219 3851 hortatur
1275 3787 1495 3852 nolens
1553 3804 1715 3870 opus
1765 3804 1951 3851 suum
1999 3784 2339 3870 perditioni
2387 3802 2531 3849 esse
2581 3785 2770 3849 obno-

483 3892 678 3969 xium,
726 3911 869 3957 cum
918 3909 1032 3957 neo
1077 3891 1200 3957 alia
1247 3910 1441 3957 causa
1486 3892 1669 3957 datae
1716 3892 1878 3977 legis
1925 3893 2032 3969 sit,
2070 3910 2259 3975 quam
2309 3896 2381 3955 ut
2429 3910 2503 3957 ex
2564 3909 2770 3956 errore

484 3999 771 4064 homines
833 4003 1281 4064 conuertuntur
1343 3999 1420 4063 ad
1493 4001 1849 4077 ueritatem,
1914 3999 2006 4064 ita
2060 4003 2293 4074 tamen,
2350 4002 2426 4064 ut
2479 3998 2544 4062 in
2604 4015 2769 4062 nouo

483 4107 863 4169 testamento
910 4108 1129 4169 auctor
1172 4105 1335 4189 legis
1381 4104 1753 4170 clementior
1787 4104 2097 4183 uideatur,
2135 4104 2285 4187 quia
2320 4109 2609 4185 tempore
2647 4120 2769 4183 quo

486 4215 945 4276 sacramentum
993 4209 1106 4274 filii
1155 4211 1253 4276 sui
1313 4211 1548 4277 domini
1604 4211 1801 4277 nostri
1858 4209 2258 4276 manifestare
2317 4209 2617 4292 dignatus
2675 4212 2846 4274 este.

664 4487 699 4541 3
736 4489 800 4542 cf.
841 4488 956 4541 lon.
993 4491 1045 4545 3.
1082 4489 1116 4541 4
1278 4491 1313 4542 6
1349 4487 1541 4543 Bacch.
1587 4489 1668 4557 18,
1705 4489 1792 4542 32.
1830 4487 1897 4542 cf.
1936 4489 2023 4552 33,
2065 4489 2124 4542 11
2272 4498 2304 4541 t<
2345 4486 2413 4541 cl'.
2451 4486 2566 4540 Ion.
2610 4488 2664 4545 3.
2708 4483 2769 4538 10

486 4578 520 4622 3·
559 4574 628 4631 ef.
665 4574 802 4631 Gen.
838 4578 890 4641 6,
930 4576 956 4629 1
998 4579 1071 4642 (5,
1108 4576 1215 4644 32).
1247 4575 1298 4640 7,
1325 4578 1359 4629 6
1436 4576 1498 4629 11
1530 4575 1596 4630 cs.
1624 4574 1825 4630 Matth.
1865 4574 1952 4640 18,
1985 4578 2050 4631 14
2127 4577 2191 4630 12
2230 4575 2395 4630 Eccli.
2432 4574 2516 4640 12,
2545 4574 2577 4627 3
2608 4573 2768 4639 Vulg.

497 4661 560 4715 13
598 4662 724 4733 Sap.
766 4662 849 4730 11,
885 4664 955 4717 23
993 4663 1105 4730 (24)
1216 4663 1281 4717 16
1318 4663 1514 4719 matth.
1552 4664 1637 4720 28.
1677 4664 1761 4717 37.
1802 4663 1929 4722 Luc.
1973 4665 2053 4730 13,
2095 4663 2161 4717 34

309 4817 487 4888 des-G
566 4822 588 4874 1
632 4822 872 4889 poterint
893 4819 1057 4874 PCX
1082 4826 1333 4890 poterant
1360 4821 1425 4875 M
1533 4838 1687 4876 sunm
1715 4837 1816 4876 om.
1846 4821 1902 4876 P
2004 4822 2325 4891 prinstinuun
2358 4821 2420 4873 N
2487 4825 2521 4874 ·.'
2551 4837 2696 4874 nunc
2723 4820 2776 4873 1‘

491 4911 525 4958 ἴ»
562 4906 834 4962 auferetur
865 4906 1097 4963 Pucx
1229 4909 1401 4962 inatus
1435 4909 1482 4962 L!
1514 4909 1675 4963 iatine
1702 4909 1760 4962 X
1876 4910 1906 4964 7
1944 4912 2157 4962 tantum
2188 4907 2359 4962 PNX
2478 4909 2513 4962 9
2543 4907 2768 4974 etenim!

493 4994 633 5048 euim
673 4994 727 5047 1¹
899 5010 1075 5050 aream
1110 5010 1214 5051 on.
1250 4995 1306 5049 P
1474 4997 1541 5051 10
1576 4996 1884 5064 inmineret]
1925 4996 2231 5050 immineret
2267 5000 2323 5049 et
2360 4995 2417 5050 P
2450 4996 2772 5050 imaaiiniret

495 5097 656 5149 ιωνν.
692 5085 856 5150 ·eret)
884 5083 933 5138 0
963 5083 1234 5138 imnerent
1267 5088 1429 5150 (oon.
1457 5087 1573 5153 ¹⁸2)
1598 5083 1668 5138 N
1736 5086 1793 5137 11
1826 5083 2075 5138 neninem
2110 5089 2270 5150 (corr.
2310 5083 2433 5150 ree.)
2463 5083 2536 5136 M
2640 5083 2771 5138 deus

496 5169 620 5226 nult
652 5169 717 5224 N
802 5169 869 5224 12
902 5171 1191 5226 miseratus
1225 5171 1281 5226 P
1369 5174 1438 5226 14
1474 5171 1822 5226 dissimulans
1855 5170 1969 5224 Px
2058 5172 2123 5224 15
2160 5170 2351 5225 nolens
2384 5169 2441 5224 P
2541 5171 2606 5225 17
2646 5169 2785 5227 eon-⁶

499 5257 716 5328 gregat-i
748 5256 819 5310 Μ
975 5258 1046 5312 19
1082 5257 1198 5312 alas
1233 5273 1357 5314 suaa
1392 5257 1449 5312 P
1611 5257 1867 5313 noluistis
1899 5258 2023 5326 (ale.
2060 5274 2086 5311 a
2124 5273 2243 5327 ap.
2277 5258 2408 5324 ree.)
2443 5256 2520 5310 Π
2548 5257 2769 5312 noluisti

501 5349 598 5399 αἱ.
703 5343 773 5398 22
810 5343 918 5400 alia
953 5359 1112 5399 cau-a
1146 5350 1307 5412 (corr.
1342 5349 1440 5399 m?
1474 5345 1632 5400 aliam
1674 5347 1910 5413 causam)
1945 5344 2009 5400 N
2109 5343 2179 5397 23
2215 5344 2495 5400 hominurn
2537 5345 2592 5398 1’
