3275 6434
979 645 2925 1078 —

1459 974 1684 986 Ἦ

544 1483 822 1550 XXVIII
1384 1482 1967 1553 Prolegomena.

545 1679 621 1741 ut
665 1674 1113 1743 Germanensis
1161 1677 1374 1761 aliquo
1418 1677 1607 1744 modo
1655 1698 1693 1743 a
1736 1677 2062 1744 Victorino
2120 1678 2552 1757 descenderet,
2609 1679 2727 1746 sed
2771 1680 2837 1746 in

545 1783 663 1848 hac
699 1802 765 1848 re
801 1782 1242 1849 difficultatem
1280 1787 1501 1849 mouet
1535 1784 1958 1868 discrepantia
1996 1785 2343 1850 lectionum
2382 1782 2839 1852 Germanensis

547 1892 613 1954 et
655 1888 952 1957 editionis
990 1890 1462 1968 {hemer-ianae,
1510 1908 1671 1973 quae
1716 1895 1792 1956 ut
1837 1908 2030 1974 supra
2075 1890 2203 1956 dixi
2248 1910 2394 1957 cum
2432 1891 2833 1958 Bruxellensi

546 1995 800 2078 saepius
846 1995 1200 2061 concordat.
1248 1995 1359 2062 sed
1406 1996 1560 2061 haec
1606 1994 1935 2061 sufficiant
1979 1996 2056 2062 de
2100 2015 2165 2061 re
2221 2015 2381 2080 quae
2427 1997 2508 2063 ob
2553 1997 2835 2082 inopiam

546 2100 1053 2168 testimoniorum
1101 2102 1164 2166 in
1214 2101 1406 2168 dubio
1453 2120 1706 2184 semper
1749 2104 2019 2168 sortasse
2064 2103 2441 2170 uersabitur.

634 2207 729 2273 De
776 2207 992 2273 codice
1034 2206 1500 2273 vindobonensi
1545 2209 1714 2272 1044
1754 2207 1865 2294 (L)
1901 2207 2051 2274 uide
2088 2208 2252 2274 infra
2285 2230 2347 2293 p.
2386 2209 2684 2276 XXXIII.
2723 2208 2836 2275 sed

543 2313 671 2378 iam
717 2313 1058 2378 transimus
1107 2312 1184 2378 ad
1230 2313 1653 2383 instrumenta
1698 2313 1920 2379 critica
1964 2313 2261 2380 editionis
2309 2315 2386 2380 ab
2434 2317 2693 2380 auctore
2738 2333 2840 2380 se·

546 2418 770 2485 cundis
817 2419 985 2484 curis
1031 2422 1286 2484 curatae
1332 2417 1761 2484 describenda.

966 2643 1317 2711 CODICES
1363 2642 1913 2711 POSTERIORIS
1959 2644 2410 2712 EDITIONIS.
2449 2666 2454 2670 ·

634 2786 1042 2857 Recensionis
1079 2786 1293 2864 huius,
1331 2790 1406 2851 ut
1441 2787 1534 2851 ita
1569 2786 1796 2865 dicam,
1834 2786 2202 2872 principalis
2242 2786 2568 2853 codicibus
2606 2787 2838 2854 abhinc

545 2898 674 2959 tres
721 2911 919 2958 annos
963 2892 1173 2958 fusius
1221 2892 1558 2976 descriptis
1580 2893 1635 2972 ¹)
1681 2893 1786 2958 uix
1833 2895 1935 2959 est
1969 2912 2083 2959 cur
2118 2893 2349 2959 iterum
2383 2892 2660 2959 rationes
2698 2892 2839 2977 qui·

547 3000 669 3065 bus
723 2999 890 3063 inter
945 3017 1012 3065 se
1068 2999 1445 3065 cohaereant
1495 2999 1734 3083 prolixa
1778 2998 2212 3083 disputatione
2258 3000 2604 3082 explanem,
2658 3018 2838 3083 prae·

548 3105 765 3171 sertim
821 3122 968 3170 cum
1025 3105 1288 3171 scientia
1340 3106 1402 3170 in
1461 3105 1598 3171 dies
1654 3123 1941 3171 crescens
1986 3104 2149 3170 nibil
2192 3105 2323 3171 fere
2367 3105 2838 3192 corrigendum.

545 3229 860 3294 perpauca
903 3211 1263 3278 accuratius
1312 3210 1665 3276 definienda
1707 3210 1866 3275 mibi
1913 3211 2318 3295 persuaserit.

457 3317 515 3371 P
637 3317 846 3384 Codex
889 3317 1344 3384 Patauinus
1392 3317 1543 3382 bibl.
1580 3317 1973 3383 Antonianae
2012 3315 2196 3383 Scaff.
2232 3317 2310 3397 X,
2345 3315 2425 3382 N.
2468 3317 2590 3382 191
2642 3315 2840 3402 (saec.

543 3421 728 3506 XIII)
771 3424 1042 3490 mutilus
1101 3431 1201 3490 est
1254 3428 1320 3488 et
1364 3441 1403 3488 a
1446 3423 1664 3489 codice
1717 3423 1857 3506 ipso
1913 3423 1975 3487 in
2033 3422 2156 3487 fine
2202 3423 2428 3489 mutilo
2485 3421 2833 3489 deriuatus.

546 3529 776 3596 desunt
838 3535 1080 3612 quaest.
1145 3528 1346 3594 XLVI
1393 3548 1428 3593 a
1472 3549 1531 3612 p.
1581 3530 1687 3596 89.
1742 3531 1823 3594 10
1879 3535 1941 3593 et
2000 3529 2251 3613 affati
2310 3532 2623 3614 quattuor
2686 3531 2831 3606 eto..

545 3634 770 3701 deinde
799 3654 1018 3702 omues
1045 3654 1251 3719 usque
1278 3635 1359 3700 ad
1389 3637 1632 3717 quaest.
1662 3633 1746 3701 CI
1766 3654 1824 3718 p.
1853 3634 2000 3713 198,
2023 3636 2103 3698 14
2113 3633 2425 3719 praebeat
2450 3634 2832 3714 ordinando,

544 3741 815 3824 denique
847 3744 1090 3823 quaest.
1123 3739 1416 3807 CXXVII
1452 3746 1602 3823 post
1637 3740 1834 3806 uerba
1869 3746 2029 3804 esset
2062 3740 2383 3805 natiuitas
2419 3760 2479 3823 p.
2519 3741 2673 3806 408.
2713 3741 2833 3812 202

543 3847 698 3913 haec
742 3846 974 3913 ultima
1019 3865 1162 3931 pars
1208 3847 1271 3911 in
1311 3845 1606 3911 Patauini
1651 3845 1990 3930 archetypo
2037 3864 2288 3930 quoque
2334 3844 2837 3912 desiderabatur.

545 3972 618 4019 eo
682 3957 893 4019 tamen
960 3956 1239 4039 praestat
1301 3951 1530 4018 ceteris
1596 3951 1923 4018 codicibus
1989 3951 2334 4019 Patauinus
2408 3949 2580 4033 quod
2650 3952 2838 4017 solus

545 4059 825 4126 omnium
892 4062 1211 4142 quotquot
1275 4057 1462 4124 bodie
1522 4060 1774 4124 exstant
1834 4060 2077 4140 quaest.
2146 4053 2392 4124 CVIIII
2455 4077 2512 4141 p.
2577 4056 2733 4136 261,
2789 4058 2839 4122 9

534 4185 800 4251 peccare
851 4164 1024 4229 sn’cut
1077 4182 1279 4247 usque
1327 4162 1405 4228 ad
1462 4166 1703 4247 quaest
1761 4161 1870 4228 CX
1917 4183 1977 4247 p.
2034 4163 2186 4240 271,
2245 4164 2327 4227 10
2384 4162 2505 4227 erit
2554 4161 2620 4227 si
2669 4161 2840 4227 abii!

546 4271 964 4338 conseruauit.
986 4266 1045 4357 ³)
1100 4270 1254 4336 baec
1310 4271 1503 4336 uerba
1554 4270 1617 4335 in
1677 4268 1951 4335 editione
2006 4288 2256 4353 quoque
2310 4270 2590 4353 principe
2636 4268 2831 4334 buius

543 4376 926 4442 recensionis
973 4375 1146 4459 (uide
1190 4373 1385 4461 infra)
1431 4374 1683 4454 absunt,
1730 4374 1843 4441 sed
1879 4376 1941 4440 in
1976 4374 2436 4458 posterioribus
2481 4372 2838 4439 secundum

545 4481 816 4565 aliquem
866 4481 1148 4548 codicem
1195 4480 1590 4565 deperditum
1649 4479 1821 4545 edita
1875 4483 2042 4556 sunt,
2099 4480 2376 4563 exceptis
2424 4482 2668 4562 quaest.
2719 4477 2830 4545 CX

545 4609 608 4673 p.
655 4588 807 4665 268,
854 4590 940 4653 22
1005 4586 1170 4653 Oum
1213 4587 1476 4672 profeta
1529 4601 1732 4669 usque
1787 4585 1867 4651 ad
1919 4605 1979 4668 p.
2035 4587 2186 4663 271,
2238 4587 2320 4650 10
2374 4585 2498 4650 erit
2540 4583 2604 4648 si
2644 4583 2837 4664 abiit,

545 4711 707 4777 quae
734 4693 979 4759 incuria
1006 4693 1454 4777 praetermissa
1488 4693 1763 4775 primum
1801 4692 1864 4757 in
1902 4691 2176 4757 editione
2212 4710 2355 4756 mea
2389 4692 2600 4756 locum
2640 4709 2829 4755 suum

545 4798 792 4865 habent.
839 4818 987 4865 cum
1031 4799 1233 4886 igitur
1265 4799 1615 4865 Patauinus
1664 4799 1841 4865 solus
1879 4817 2019 4863 eam
2055 4801 2297 4882 partem
2333 4797 2634 4879 praebeat
2668 4813 2837 4879 quae

546 4904 697 4972 olim
745 4924 818 4972 ex
861 4905 1201 4991 archetypo
1246 4906 1634 4990 reliquorum
1683 4904 1972 4970 codicum
2019 4904 2225 4969 excisa
2261 4906 2381 4980 est,
2419 4901 2831 4969 manifestum

637 5111 676 5180 ¹)
714 5110 1208 5182 Sitnmqeben‘chtc
1243 5111 1340 5167 der
1376 5112 1515 5167 kain.
1554 5110 1858 5166 Akademie
1904 5110 2000 5165 der
2045 5108 2508 5181 Wsamehqflen
2542 5110 2605 5164 in
2652 5108 2833 5176 Πίου,

542 5198 837 5269 gam-hest.
871 5199 972 5256 Kc.
1010 5198 1244 5270 CXLIX,
1282 5200 1309 5254 1
1347 5200 1551 5273 (1905).

636 5286 678 5355 ²>
713 5287 986 5345 Lacunam
1033 5288 1260 5345 alteram
1303 5288 1362 5344 iu
1406 5293 1560 5344 textu
1606 5305 1727 5344 meo
1773 5286 2011 5344 indicaui
2049 5304 2099 5358 p.
2144 5287 2263 5354 135,
2298 5288 2387 5355 20,
2423 5286 2521 5342 sed
2557 5286 2829 5342 nescimus

546 5393 614 5431 an
651 5376 768 5432 illic
801 5376 859 5431 in
894 5376 950 5431 P
983 5393 1196 5448 quoque
1231 5376 1428 5433 lacuna
1462 5376 1642 5432 fuerit.
