3275 6434
692 1196 765 1267 Cap.
784 1194 846 1253 cal
866 1193 978 1250 ru-ao
1337 1195 1402 1260 285

266 1410 362 1475 quem
380 1391 461 1455 inter
478 1408 513 1455 ae
531 1389 759 1471 conspirarunt,
773 1392 811 1453 nt
825 1390 952 1452 auctore
965 1386 1091 1452 diabolo
1106 1385 1183 1451 deoa
1197 1405 1232 1451 ae
1250 1384 1401 1463 dicerent,

265 1498 362 1563 etiam
385 1496 436 1561 hic
459 1496 489 1560 io
513 1497 597 1559 terra
618 1483 853 1578 disposuerunt,
876 1496 913 1558 ut
935 1493 987 1557 hic
1004 1510 1090 1558 error
1106 1491 1194 1558 illiue
1216 1492 1322 1575 imago
1346 1490 1401 1556 ait

314 1604 363 1668 16.
387 1603 428 1667 iit
449 1602 606 1685 seqnitur:
629 1600 721 1683 quia
744 1602 808 1665 eat
830 1599 910 1665 iate
933 1617 1000 1664 rex
1028 1597 1206 1683 gloriae?
1229 1616 1268 1663 na
1295 1614 1402 1678 anper·

266 1726 368 1774 uacua
397 1707 479 1774 forte
510 1725 617 1791 regem
645 1705 806 1772 Christum
834 1704 953 1789 gloriae
977 1704 1080 1770 dicere
1106 1708 1280 1787 putaretur,
1307 1703 1402 1768 inter·

233 1814 409 1899 erogantis
442 1814 533 1894 ponit
563 1830 728 1894 perannum
761 1817 795 1876 et
827 1811 976 1876 dicentia:
1005 1811 1096 1893 qnia
1129 1814 1192 1875 eat
1225 1809 1306 1874 iate
1336 1826 1401 1874 rex

266 1921 445 2005 gloriae?
473 1919 528 2001 qui
551 1919 644 2002 quaai
667 1917 840 1983 admiretur
863 1920 920 1981 aut
942 1915 1047 1981 doceri
1069 1934 1104 1981 ae
1127 1916 1216 1995 uelit,
1240 1915 1268 1980 ai
1291 1932 1401 1980 uerurn

265 2031 318 2091 eat
338 2028 372 2090 et
394 2023 587 2108 condignum
609 2023 712 2088 dicere
735 2022 896 2089 Chriaturn
920 2039 1027 2104 regern
1049 2021 1177 2105 gloriae.

313 2131 363 2195 17.
383 2129 518 2212 Ideoque
537 2128 744 2212 respondetur
761 2129 803 2194 ei:
829 2127 1014 2192 domiuus
1038 2126 1160 2193 fortia
1183 2129 1222 2192 et
1243 2131 1401 2208 potera,

266 2236 455 2303 dominua
480 2237 622 2319 potena
645 2234 681 2298 iu
705 2232 873 2317 proelio,
898 2235 934 2298 ut
961 2232 1021 2299 hoc
1048 2233 1191 2298 subiecto
1218 2250 1278 2297 nou
1306 2218 1400 2297 nudie

217 2366 248 2410 ao
265 2342 384 2418 uerbis,
421 2340 478 2406 aed
514 2359 587 2405 cum
622 2339 805 2406 teatirnonio
842 2356 947 2424 regem
980 2338 1100 2424 gloriae
1127 2337 1289 2404 Christum
1317 2337 1403 2402 addi·

266 2451 379 2514 aceret.
399 2447 501 2512 uirtua
520 2447 603 2511 enim
622 2450 656 2510 et
672 2446 815 2528 potentia
833 2463 896 2529 qua
909 2444 1038 2529 subegit
1055 2448 1089 2509 et
1106 2444 1223 2527 preaait
1240 2442 1401 2509 diabolum

266 2573 340 2621 cum
377 2552 570 2619 satellitibus
607 2552 686 2629 eina,
726 2551 805 2617 haec
846 2549 1017 2617 ostendunt
1051 2550 1144 2615 ilium
1183 2568 1288 2633 negem
1331 2567 1403 2615 eaae

267 2660 398 2744 gloriae.

312 2765 365 2831 18.
392 2764 434 2829 Et
461 2763 590 2828 adiecit:
624 2761 764 2827 tollite
796 2766 936 2845 portua
968 2760 1168 2844 principie
1205 2761 1335 2826 uentri
1364 2768 1404 2825 ot

217 2895 248 2939 ra
267 2870 498 2946 educamini,
521 2871 661 2952 portae
684 2868 926 2933 aeternales.
949 2867 1009 2932 hoc
1028 2871 1088 2940 eat,
1107 2866 1255 2950 quoniam
1272 2866 1403 2933 uirtutis

266 2975 462 3052 testimonio,
485 2975 538 3040 oui
561 2973 731 3040 contradici
754 2973 907 3039 nefarium
927 2979 986 3050 eat,
1006 2972 1163 3039 didiciatia
1182 2972 1311 3056 dignum
1330 2991 1403 3039 erae

266 3081 427 3148 Christum
460 3079 523 3144 dici
554 3097 660 3163 regem
692 3079 822 3162 gloriae,
854 3079 975 3144 auferte
1007 3096 1141 3144 errorem
1173 3078 1212 3143 de
1243 3079 1403 3144 mentibus

265 3187 394 3253 ueatria.

313 3293 365 3357 19.
389 3293 430 3358 iit
456 3292 516 3357 ait:
539 3298 578 3356 et
605 3291 799 3357 introibit
825 3310 889 3357 rex
919 3292 1087 3376 gloriae.
1116 3290 1294 3356 ostenditur
1318 3281 1402 3356 euim

215 3428 246 3471 ω
267 3398 343 3482 quia
366 3416 425 3463 non
448 3405 584 3481 possunt
605 3397 783 3481 participari
807 3415 879 3462 cnm
902 3396 963 3461 fide
983 3395 1112 3474 Christi,
1136 3397 1197 3462 niai
1215 3396 1403 3462 emrnndaue·

265 3503 332 3569 rint
353 3503 447 3568 corda
469 3522 527 3568 aua
550 3502 589 3567 ab
613 3503 697 3567 omni
721 3502 910 3566 inmunditia
932 3501 1108 3566 idolatriae.
1121 3502 1192 3570 nisi
1211 3501 1292 3566 euim
1315 3501 1403 3566 inuo-

266 3613 360 3674 uatua
384 3609 480 3674 inerit
502 3609 607 3687 homo,
630 3626 691 3673 nou
715 3595 846 3673 innubit
867 3607 998 3690 spiritua
1020 3612 1150 3673 aanctur
1172 3607 1204 3671 iu
1227 3625 1311 3672 enm.

311 3717 364 3779 20.
386 3714 428 3778 Et
453 3713 610 3797 requitur:
643 3714 732 3796 quia
764 3718 829 3779 eat
859 3713 939 3779 iate
970 3731 1036 3778 rex
1068 3713 1247 3797 gloriae?
1274 3713 1402 3778 iteratio

264 3821 329 3885 iata
354 3818 621 3885 confirmationem
650 3819 736 3886 iacit.
766 3838 859 3885 omne
886 3819 980 3896 eninr,
1008 3818 1093 3900 quod
1118 3837 1238 3884 nouum
1265 3817 1403 3895 auditur,

354 4061 477 4115 aura
497 4060 577 4121 23.ss
660 4061 741 4116 81²0.
760 4062 840 4123 23,8
931 4062 964 4116 14
984 4060 1126 4129 Poeno
1207 4060 1241 4115 19
1258 4060 1302 4114 Pa.
1321 4059 1403 4128 23,9

264 4147 364 4202 aare.
383 4148 428 4210 23,
447 4148 481 4202 10

302 4270 316 4323 l
336 4271 559 4338 couapiraueruut
572 4270 601 4324 P
616 4272 817 4340 couaapirarunt
834 4271 895 4338 (adt.
915 4287 928 4324 r
946 4274 1030 4339 arca.)
1044 4269 1073 4323 X
1124 4270 1165 4340 nt]
1185 4270 1253 4326 etG
1286 4273 1304 4327 4
1321 4270 1403 4341 rorte]

265 4358 383 4426 porteG
435 4363 575 4428 pateretur
595 4359 629 4428 θ,
647 4359 739 4429 (corr.)
753 4360 779 4412 A
816 4363 881 4414 tet
897 4375 949 4415 our.
963 4359 992 4413 P
1025 4359 1155 4415 ddocere
1172 4359 1225 4415 ΟΔ
1279 4358 1404 4423 uellite,

263 4450 324 4515 (pr.
341 4445 352 4499 l
370 4448 453 4512 erue.)
472 4445 502 4498 Ν
544 4445 641 4500 Bideo
662 4445 743 4501 CXX
811 4445 984 4518 reaponditar
1004 4447 1038 4516 θ,
1057 4450 1152 4515 (corr.)
1169 4451 1196 4502 Δ
1220 4497 1223 4503 ,
1245 4445 1406 4502 Μοιιιίιιιιι

264 4540 362 4605 poten·
378 4549 430 4589 oar.
449 4533 478 4587 X
573 4533 721 4605 praetiosi
794 4537 837 4605 ut]
857 4541 886 4590 ct
907 4534 1094 4604 axona),
1111 4534 1142 4589 X
1203 4535 1234 4591 11
1255 4537 1320 4606 qna}
1341 4536 1406 4604 qnia

265 4622 285 4687 (i
297 4623 405 4691 partire
423 4624 504 4686 ιναι)
521 4622 558 4677 Μ
628 4623 661 4677 13
680 4623 794 4695 gloriae]
814 4629 844 4678 et
861 4623 963 4693 gloriae
983 4623 1010 4677 P
1079 4625 1113 4678 14
1131 4623 1199 4677 tolle
1216 4622 1254 4677 M
1331 4624 1402 4693 prirn-

264 4711 339 4781 cipe·
357 4709 478 4764 mx
494 4712 630 4781 principer
649 4711 779 4781 principia
792 4710 974 4780 Enpedtrectt
990 4711 1098 4766 rema
1154 4712 1239 4766 uentri
1258 4714 1339 4777 (corr.
1356 4713 1406 4765 anit

264 4803 381 4865 neatraa)
399 4798 430 4851 X
478 4800 509 4853 15
528 4799 646 4854 uirtute·
665 4798 702 4853 u
745 4800 778 4853 lc
796 4797 918 4854 didit-icti
936 4798 973 4853 Μ
1017 4799 1049 4853 lt
1069 4799 1158 4853 dicere
1177 4798 1208 4852 X
1252 4798 1285 4854 19
1303 4804 1332 4853 et
1345 4802 1403 4869 pat

263 4913 289 4940 ω
309 4886 339 4940 λ’
412 4887 448 4941 20
467 4887 531 4956 quia
547 4890 641 4955 (aaa.)
661 4885 693 4938 λ’
772 4893 887 4956 porrnnt
904 4902 955 4941 ora.
976 4885 1007 4940 N
1091 4886 1245 4956 participati
1264 4888 1357 4954 (corr.)
1377 4885 1408 4939 X

263 4974 296 5029 at
318 4975 391 5029 omni
410 4974 507 5029 ΜΟ
602 4972 828 5028 inmunditiae&
922 4974 1066 5028 inducatur
1087 4973 1404 5044 G‚A(eorr.n21np.)

263 5063 299 5117 22
318 5064 403 5117 intrat
420 5062 448 5116 P
466 5061 625 5116 inerudito
703 5062 773 5132 curn}
792 5078 825 5116 eo
843 5063 935 5131 (corr.)
955 5060 987 5114 X
1036 5061 1071 5115 24
1090 5062 1170 5115 iatam
1188 5061 1216 5115 P
