3275 6434
234 972 299 1036 478
499 966 669 1040 Appendis
688 969 921 1039 qusestionum
938 969 1016 1022 noui
1035 973 1112 1025 test.

234 1180 330 1229 seusu
357 1163 564 1230 sestimsntes
591 1160 738 1228 dubitent
765 1162 818 1228 uel
846 1161 885 1226 de
912 1160 964 1227 dei
991 1160 1058 1226 tilio
1085 1161 1139 1227 uel
1168 1160 1252 1226 duos
1281 1179 1376 1226 nuum

235 1286 307 1336 esse
319 1281 364 1317 -·
378 1267 496 1353 periids
513 1268 598 1334 enim
615 1271 649 1333 et
665 1269 834 1333 contumax
851 1267 938 1332 natio
956 1266 1155 1342 ludaeorum,
1174 1266 1294 1350 quibus
1308 1265 1375 1331 tous

234 1375 317 1461 logis
340 1377 373 1440 et
394 1376 663 1441 ssoramentorum
686 1373 828 1439 thesauri
849 1375 1031 1455 patuerunt,
1057 1390 1119 1438 non
1146 1371 1295 1455 ambigit,
1324 1370 1378 1437 sed

236 1480 363 1547 netnriis
376 1482 528 1564 perneget
541 1478 674 1545 u'ocibus
685 1515 737 1554 -,
747 1478 897 1554 breuiter,
907 1481 1058 1560 quantum
1072 1481 1230 1542 tractatus
1240 1483 1377 1543 contuse·

235 1587 300 1654 tior
312 1586 443 1672 patitur,
456 1584 638 1653 edisseram.
654 1602 727 1668 spes
741 1584 824 1649 enim
839 1583 1069 1667 ignorantibus,
1084 1583 1113 1648 si
1127 1582 1233 1648 uelint
1245 1582 1376 1660 discere,
1400 1601 1413 1645 s

235 1693 360 1778 integre
381 1690 568 1766 dimittitur;
592 1707 693 1772 poena
714 1689 990 1755 dissimulantibus
1016 1691 1170 1772 perpetua
1192 1687 1376 1754 destinatur.

282 1801 314 1864 2.
333 1798 421 1864 Deus
444 1796 655 1878 omnipotens,
673 1813 747 1861 cum
765 1794 982 1878 magnitudine
1000 1812 1038 1859 ec
1055 1794 1199 1860 bonitate
1217 1799 1376 1877 prsestsn·

237 1903 374 1980 tiorsit,
398 1920 549 1987 maguum
572 1900 693 1984 uliquid
716 1905 749 1967 et
770 1901 905 1966 maxime
923 1900 1040 1979 bonum
1059 1900 1152 1966 edere
1170 1919 1210 1965 ex
1228 1917 1263 1964 se
1286 1903 1377 1982 etque

238 2009 383 2075 exhibere
406 2007 568 2085 debueret,
592 2006 658 2084 sed,
682 2007 710 2073 si
733 2006 810 2091 quid
833 2005 986 2073 edidisset
1009 2005 1091 2089 quod
1114 2011 1226 2071 contra
1248 2004 1375 2071 modum

239 2115 443 2181 excellentiss
465 2131 543 2180 suae
564 2112 657 2188 toret,
680 2116 818 2178 autnon
847 2112 990 2195 potuisse
1013 2112 1149 2194 emplius
1173 2147 1216 2160 -
1241 2111 1326 2195 quod
1348 2112 1411 2176 inas

239 2221 487 2305 omnipotentem
507 2238 568 2286 non
587 2219 730 2285 eadit-
744 2223 801 2284 sut
818 2219 957 2285 uoluisse
976 2245 1018 2266 ·—
1037 2217 1122 2302 quod
1140 2219 1173 2282 iu
1191 2217 1377 2303 benignissi-

239 2347 327 2393 mum
344 2363 382 2374 -
398 2325 568 2391 uideretur.
582 2328 668 2391 certe
681 2326 714 2391 in
728 2344 854 2392 summo
868 2324 928 2390 deo
941 2323 1058 2409 grsnde
1071 2343 1133 2390 uon
1147 2324 1254 2389 iuerat
1267 2323 1377 2389 iecisse

240 2432 325 2518 quod
347 2432 431 2497 iutra
454 2450 488 2497 se
511 2430 650 2515 positum
674 2432 740 2496 uim
764 2431 874 2515 plenae
893 2431 1087 2497 summitatis
1106 2449 1167 2497 uon
1188 2437 1277 2495 esset
1296 2430 1377 2495 hebi·

240 2542 358 2604 turum.
373 2555 469 2621 anper
482 2556 516 2603 se
531 2538 699 2624 ergonibil
712 2541 779 2603 eret
792 2573 836 2584 -
850 2537 928 2602 nibil
943 2544 993 2602 est
1006 2536 1088 2602 euim
1104 2536 1189 2619 quod
1205 2536 1301 2601 deum
1315 2537 1377 2601 uiu-

240 2649 293 2712 cst
302 2681 354 2720 -,
365 2642 445 2709 inira
459 2662 494 2709 se
507 2662 618 2728 parum
633 2642 745 2720 iuerat,
756 2642 945 2726 qniaminus
955 2643 1089 2708 maximo
1103 2661 1164 2709 nou
1176 2641 1376 2728 congruebat
1390 2657 1413 2701 u

242 2749 443 2817 simillimum
479 2748 587 2832 itaque
619 2767 713 2813 suum
745 2747 846 2814 tilium
878 2766 986 2815 creans
1024 2747 1124 2813 edidit
1155 2741 1192 2812 e'x
1224 2765 1261 2813 se
1290 2747 1376 2830 quasi

241 2855 377 2922 aiterum
401 2873 446 2934 se,
473 2873 510 2920 ec
533 2855 580 2919 sic
602 2853 682 2919 illud
705 2872 865 2919 summum
889 2857 922 2919 et
944 2855 1114 2919 marimum
1143 2853 1274 2928 bouum,
1298 2853 1378 2936 quod

241 2962 333 3027 nobis
356 2980 393 3026 ex
415 2960 474 3027 deo
494 2961 646 3044 suppetit,
665 2979 721 3043 per
738 2961 805 3025 eius
825 2960 865 3025 ad
882 2979 940 3025 uos
950 2960 1162 3045 propaginem
1180 2958 1377 3025 reduudsuit

286 3069 315 3133 3.
331 3066 414 3147 Quin
434 3071 466 3133 et
484 3067 560 3132 baec
585 3067 681 3132 simul
699 3065 913 3151 intellegenda
930 3067 1010 3132 ratio
1030 3072 1079 3131 est
1097 3066 1204 3142 deum,
1224 3066 1281 3147 qni
1300 3067 1378 3130 bunc

241 3173 395 3240 mundum
420 3172 570 3252 condidit,
590 3173 629 3248 ei,
649 3172 702 3256 qui
725 3173 808 3236 inter
825 3177 930 3238 cetera
948 3173 1193 3256 pulchritudinis
1212 3171 1377 3237 ordinatio·
1391 3186 1414 3230 sn

242 3282 355 3364 uisque
375 3280 528 3344 miraculo
547 3278 671 3343 creandi
691 3297 817 3362 quoque
837 3285 980 3344 naturam
999 3278 1195 3344 sufficiendis
1210 3279 1263 3342 sui
1277 3279 1378 3342 ouius·

244 3405 304 3470 que
328 3385 450 3471 generis
469 3384 607 3450 foetibus
626 3384 749 3462 tribuit,
768 3385 872 3468 ipsum
890 3364 983 3470 prius·
997 3385 1106 3467 utique
1126 3384 1279 3449 babuisse
1299 3383 1378 3466 quod

244 3490 375 3558 dederit.
408 3490 515 3556 nullus
548 3489 630 3555 enim
664 3489 719 3554 dat
751 3490 834 3574 qnod
867 3491 935 3574 ipse
967 3511 1026 3556 uon
1060 3491 1184 3555 hebeat.
1218 3492 1274 3573 qui
1306 3509 1375 3574 ergo

241 3597 355 3662 babuit
368 3596 469 3662 fllium
485 3596 562 3662 totis
577 3595 639 3662 sibi
650 3596 868 3661 similitudinis
878 3595 1021 3680 partibus
1032 3602 1259 3681 congruentem
1271 3634 1312 3642 -
1323 3597 1378 3660 boo

243 3706 303 3777 est,
331 3722 412 3767 unus
441 3704 580 3781 unicum,
608 3701 725 3786 probus
754 3701 898 3787 probum,
927 3703 1027 3768 bonus
1055 3703 1239 3786 benignum,
1268 3701 1415 3765 beatus*

243 3808 381 3885 beatum,
402 3809 556 3873 maximus
580 3807 761 3884 maximum,
782 3807 993 3890 sempiternus
1017 3813 1179 3872 aeteruum
1199 3807 1379 3877 -..babuit

281 4052 294 4104 l
315 4051 501 4105 existimantes
520 4066 539 4103 c
628 4049 644 4102 2
663 4048 776 4119 pertidia
792 4048 827 4102 Κ
897 4049 934 4120 et]
953 4066 1076 4120 quaeque
1094 4055 1123 4104 et
1140 4049 1173 4103 K
1190 4066 1298 4120 qnoque
1318 4055 1345 4103 et
1362 4067 1377 4101 c

244 4141 260 4195 3
279 4140 435 4210 pesuerunt]
453 4137 504 4193 boc
521 4143 671 4192 monstrare
690 4141 838 4207 potueruut
857 4154 875 4191 o
928 4137 987 4207 sed]
1005 4138 1053 4192 sed
1072 4139 1118 4207 qni
1136 4138 1172 4202 (t)
1192 4138 1225 4191 Κ
1277 4140 1378 4192 ttrsc·

243 4232 287 4283 tus
306 4245 326 4282 c
395 4225 569 4296 contractior]
588 4230 683 4280 contra
701 4241 746 4280 eos
764 4226 824 4295 (eos
842 4226 872 4279 iss
890 4230 957 4286 roe.)
974 4226 1007 4279 K
1058 4228 1075 4279 ὃ
1092 4225 1297 4295 ignorantibus]
1317 4225 1378 4279 cdd.

243 4317 351 4386 integre
368 4333 387 4370 e
448 4315 592 4384 dintegrs
609 4330 661 4368 ors.
680 4331 699 4368 a
769 4313 1111 4386 perpetue1perprauala'
1167 4314 1379 4385 8aliquod1a'c

244 4402 323 4458 edere
342 4419 373 4457 en
391 4419 420 4458 se
439 4403 533 4472 atque]
554 4401 633 4456 edere
652 4404 727 4456 extat
746 4390 867 4471 quse'K
883 4400 978 4455 sedere
998 4407 1082 4461 erest.
1102 4418 1155 4472 qne
1175 4419 1195 4456 o
1284 4405 1317 4457 10
1335 4420 1378 4471 po·

244 4493 343 4547 tuisset
362 4509 381 4545 a
440 4493 471 4546 11
492 4491 679 4561 omnipotente
697 4489 760 4545 ΒΚ
829 4490 963 4543 noluisset
981 4507 1000 4543 o
1071 4492 1097 4543 in
1116 4490 1312 4560 benignissimo
1330 4496 1379 4556 (mo

244 4582 276 4635 s'ss
291 4586 360 4647 res.)
378 4580 410 4633 K
425 4580 677 4650 inbenignissimum
697 4580 768 4644 (stne
782 4579 898 4647 puncto)
917 4595 936 4631 o
1017 4579 1049 4631 12
1068 4576 1220 4646 uideretur]
1240 4578 1378 4632 absordum

245 4671 288 4723 est
306 4672 398 4735 (ests.
417 4669 448 4733 l.)
467 4667 605 4722 uideretur
624 4667 656 4720 Κ
753 4666 874 4722 lbinirs
893 4684 913 4721 o
1015 4668 1047 4720 17
1067 4683 1095 4719 se
1114 4683 1146 4721 sc
1165 4667 1216 4735 sic}
1238 4681 1379 4720 sesses

247 4758 280 4812 19
299 4757 362 4825 quin
382 4757 421 4824 et]
437 4755 524 4821 Quare
544 4761 573 4810 et
585 4754 619 4809 Κ
633 4756 783 4825 quinetiam
798 4772 817 4809 a
870 4756 937 4810 haec
954 4755 1046 4823 simul]
1066 4755 1111 4807 bie
1128 4754 1228 4809 similis
1242 4758 1273 4807 s'ss
1286 4771 1340 4808 rus.
1354 4752 1381 4806 K

246 4844 278 4899 21
300 4844 447 4899 cuiuslibet
465 4860 484 4896 o
537 4845 572 4898 28
590 4843 700 4914 hebeat]
719 4844 803 4898 habet
822 4843 872 4898 Κα
941 4843 1037 4897 bsbuit
1055 4859 1120 4911 ergo
1141 4843 1192 4896 Kos
