3275 6434
677 1503 764 1570 68
1468 1498 1662 1555 Liber
1698 1501 2161 1572 quaestionum

668 1694 922 1762 infirma
945 1695 1292 1778 probantur
1315 1694 1397 1760 ad
1422 1712 1678 1760 esussm
1710 1695 1897 1760 istam
1927 1693 2392 1760 adstruendam.
2434 1713 2577 1758 nam
2608 1694 2707 1760 his
2741 1694 2951 1761 uerbi<

669 1801 1032 1885 stoquenter
1074 1799 1250 1867 aliud
1292 1800 1654 1867 innenimus
1707 1799 2134 1886 significatum
2188 1799 2251 1864 in
2306 1799 2474 1884 lege;
2522 1800 2686 1866 inter
2741 1805 2945 1866 cetera

672 1904 836 1972 enirn
884 1906 977 1972 sit
1019 1905 1313 1972 dominns
1357 1905 1545 1972 dens:
1583 1923 1720 1972 non
1768 1904 2234 1987 permanebit
2276 1904 2601 1991 spiritns
2640 1924 2848 1972 meus
2876 1907 2945 1971 in

672 2010 1105 2078 hominihus
1170 2011 1367 2088 istis,
1432 2011 1604 2094 quis
1672 2014 1849 2076 sunt
1910 2029 2098 2076 caro.
2165 2013 2230 2076 et
2293 2010 2354 2075 in
2419 2010 2756 2078 subiectis:
2816 2013 2945 2077 sed

666 2115 978 2197 deleam,
1022 2117 1252 2201 inquit,
1299 2117 1542 2183 omnis
1587 2115 1673 2180 sb
1720 2115 2012 2183 homine
2063 2133 2301 2200 nsque
2356 2114 2444 2179 sd
2498 2134 2751 2198 pecus.
2805 2135 2944 2201 pro·
3010 2136 3037 2175 a

664 2225 881 2308 pterea
924 2221 1075 2305 quis
1117 2220 1432 2288 diluuium
1479 2221 1765 2288 facturus
1812 2225 1945 2287 erat
1982 2237 2174 2303 snper
2207 2223 2459 2287 terram.
2494 2221 2805 2305 numquid
2845 2222 2945 2287 hi<-

665 2327 933 2412 spiritus
977 2329 1234 2393 sanctus
1280 2330 1495 2409 potest
1538 2326 1870 2412 intellegi?
1914 2343 2117 2391 nonne
2173 2325 2249 2390 de.
2304 2327 2631 2393 animabus
2684 2327 2943 2393 locutu.-

664 2435 807 2499 est?-
851 2452 993 2499 nsm
1041 2451 1163 2498 non
1210 2433 1420 2500 solum
1466 2436 1716 2498 nostrae
1761 2432 2006 2497 animae
2053 2432 2315 2515 spiritns
2362 2431 2678 2498 dicuntur.
2720 2434 2833 2498 sed
2882 2444 2946 2498 et

662 2555 978 2621 pecorum.
1045 2538 1141 2605 sio
1203 2537 1371 2605 enim
1442 2537 1751 2619 seriptum
1815 2542 1945 2602 est:
2010 2541 2088 2602 et
2151 2540 2445 2603 mortus
2518 2542 2639 2603 est
2702 2538 2943 2603 omnis

662 2660 830 2709 osto
877 2643 951 2709 in
996 2661 1206 2727 aqua,
1251 2643 1325 2708 in
1372 2662 1514 2726 qus
1559 2644 1721 2709 erat
1776 2642 2098 2726 spiritus
2154 2642 2361 2708 uitae
2406 2648 2472 2707 et
2526 2644 2587 2708 in
2642 2642 2940 2709 Ezechiel
2988 2663 3034 2703 m

659 2748 906 2832 profeta
957 2749 1053 2815 sio
1105 2749 1346 2815 dictum
1402 2752 1520 2825 est,
1577 2748 1728 2814 dum
1784 2749 1864 2815 de
1918 2746 2361 2815 reformatione
2417 2748 2747 2814 hominum
2802 2768 2941 2833 pro-

658 2854 862 2920 mittit
914 2854 1130 2921 dicens
1185 2854 1369 2920 dens:
1436 2857 1617 2920 haee
1684 2852 1878 2920 dicit
1938 2853 2285 2919 dominns
2351 2853 2661 2922 ossibus
2727 2854 2940 2921 istis:

658 2959 1046 3026 extendam
1094 2978 1323 3042 super
1366 2978 1500 3025 uos
1548 2963 1796 3025 entem
1844 2962 1919 3024 et
1963 2956 2149 3024 dabo
2194 2960 2270 3024 in
2316 2958 2536 3024 uobis
2576 2959 2937 3044 spiritum

654 3082 914 3144 meum,
963 3070 1038 3131 et
1079 3065 1390 3132 uinetis.
1436 3064 1742 3149 numquid
1789 3064 1869 3132 de
1914 3067 2134 3130 sancto
2173 3063 2402 3147 spiritu
2437 3065 2694 3131 locutus
2734 3070 2839 3132 est
2876 3082 2941 3131 et

651 3188 775 3235 non
821 3169 899 3236 de
944 3171 1192 3235 anima?
2968 3190 3021 3234 ιε

740 3276 800 3341 2.
882 3274 1110 3341 Omnis
1169 3275 1425 3359 quidem
1488 3274 1785 3341 eoelestis
1855 3274 2119 3358 spiritus
2193 3280 2361 3353 sunt,
2428 3275 2541 3341 sed
2622 3275 2924 3342 differunt

650 3380 728 3445 sb
782 3380 1078 3456 inuicem,
1143 3383 1209 3446 et
1263 3380 1419 3446 dens
1488 3380 1752 3465 spiritns
1817 3382 1935 3447 est.
2004 3380 2116 3445 sed
2178 3380 2367 3465 longe
2430 3381 2630 3446 aliter.
2710 3382 2922 3447 omnis

645 3485 862 3571 itnque
921 3486 1185 3572 spiritus
1249 3485 1348 3551 dei
1413 3489 1539 3562 est3
1604 3505 1725 3552 non
1788 3488 2000 3550 tamen
2065 3484 2222 3551 deus
2285 3489 2405 3566 est,
2468 3485 2592 3552 nisi
2655 3486 2922 3569 spiritus

642 3591 754 3674 qui
791 3590 870 3658 de
903 3593 1044 3677 ipso
1081 3597 1202 3669 est,
1238 3592 1420 3658 onius
1458 3590 1834 3676 significatio
1871 3589 2029 3656 haec
2067 3595 2167 3657 est
2198 3595 2276 3657 ut
2310 3595 2612 3657 ‘sanetus'
2648 3592 2916 3658 dicatur.

642 3712 786 3763 nam
850 3699 918 3764 et
982 3697 1269 3764 homines
1321 3695 1437 3761 filii
1489 3696 1592 3761 dei
1645 3700 1955 3763 uocantur
1998 3701 2064 3762 et
2109 3695 2401 3763 Christus
2456 3696 2691 3764 dieitur
2742 3697 2915 3763 filius
2951 3716 2999 3756 εκ»

641 3801 768 3878 dei3
818 3800 935 3867 sed
985 3800 1393 3867 interuallum
1451 3803 1570 3880 est,
1636 3801 1786 3884 quis
1847 3800 1951 3865 hie
2015 3820 2206 3868 uerus
2270 3803 2390 3880 est,
2454 3801 2552 3867 illi
2607 3802 2917 3889 adoptiui.

638 3905 734 3972 sio
789 3909 855 3972 et
906 3907 1071 3972 inter
1122 3906 1418 3990 spiritum
1476 3905 1577 3971 dei
1635 3905 1974 3972 diuersitas
2031 3909 2146 3972 est.
2202 3906 2466 3991 spiritns
2525 3908 2690 3973 enim
2737 3927 2915 3975 sanc·

636 4015 744 4079 tus
801 4012 878 4078 de
949 4011 1065 4078 deo
1137 4015 1255 4090 est,
1328 4011 1892 4079 consubstantians
1968 4012 2055 4089 ei;
2119 4012 2346 4096 reliqui
2421 4031 2571 4079 uero
2645 4013 2910 4098 spiritus

637 4115 738 4184 dei
791 4135 934 4184 esse
988 4117 1302 4196 dicuntur,
1359 4116 1471 4183 sed
1525 4120 1808 4183 creatura
1862 4121 2029 4183 sunt.
2088 4118 2199 4184 sed
2246 4135 2361 4183 nec
2409 4116 2646 4185 ordinis
2694 4120 2798 4184 est
2840 4128 2911 4184 nt

634 4222 900 4307 spiritus
965 4227 1223 4289 sanctus
1287 4224 1436 4289 ferri
1492 4241 1684 4306 snper
1742 4242 1937 4306 aquas
2003 4222 2425 4309 intellegatur,
2500 4243 2642 4290 oum
2721 4243 2911 4308 snper
2941 4239 2991 4280 25

633 4344 832 4410 squas
878 4328 1226 4410 spiritalem
1273 4332 1622 4395 creaturam
1661 4346 1802 4395 esse
1840 4328 2050 4395 tradat
2081 4330 2266 4407 ratio,
2311 4334 2377 4395 et
2411 4347 2574 4413 quse
2610 4348 2806 4413 super
2839 4348 2907 4395 se

630 4432 860 4498 habeat
901 4433 1209 4516 potiorem
1255 4433 1512 4499 alteram
1562 4439 1934 4512 creaturam,
1991 4435 2140 4517 quia
2194 4438 2477 4500 creatura
2532 4453 2568 4498 a
2622 4438 2903 4500 creatura

805 4618 840 4673 8
876 4618 1012 4675 Gen.
1049 4621 1103 4684 6,
1140 4621 1173 4676 3
1314 4622 1349 4673 4
1387 4618 1521 4675 Gen.
1556 4621 1608 4690 6,
1648 4621 1679 4674 7
1823 4621 1859 4676 9
1896 4619 1964 4676 ef.
2004 4619 2139 4676 Gen.
2178 4622 2228 4685 7,
2264 4621 2351 4675 21.
2388 4622 2462 4676 22
2604 4624 2674 4678 12
2710 4623 2902 4679 Enoch.

627 4707 714 4771 37.
751 4709 801 4762 5.
838 4709 873 4762 6
1001 4709 1067 4764 17
1104 4707 1173 4763 cf.
1210 4707 1325 4765 Iob.
1363 4709 1415 4777 4,
1453 4708 1523 4763 24
1560 4713 1619 4763 et
1655 4708 1711 4762 11
1749 4707 1870 4766 Cor.
1908 4711 1960 4776 8,
2002 4710 2066 4764 17
2185 4709 2257 4765 20
2292 4707 2360 4764 os.
2398 4707 2597 4764 nutui.
2634 4713 2688 4775 4,
2723 4712 2761 4769 8
2799 4718 2902 4768 etc.

624 4797 690 4851 21
730 4795 802 4853 cl.
835 4796 972 4868 Eph.
1016 4799 1062 4860 l,
1099 4799 1133 4850 5
1171 4802 1274 4852 etc.

692 4919 729 4974 8
762 4920 1318 4991 permanebivoeorr.)
1354 4921 1418 4976 N
1545 4924 1580 4976 4
1616 4923 1766 4992 quis]
1805 4938 1934 4994 que·
1970 4928 2129 4990 (sorr.
2166 4923 2285 4995 qui)
2326 4923 2376 4977 0
2501 4925 2537 4978 6
2571 4923 2663 4980 hio
2697 4941 2805 4982 om.
2847 4927 2903 4979 X

625 5008 692 5064 10
725 5007 1014 5063 iezechiele
1048 5008 1106 5064 Ρ
1138 5009 1415 5066 ezechihel
1450 5010 1525 5079 Ν,
1544 5010 1600 5064 Β
1633 5011 1694 5079 (h
1731 5009 1831 5065 alt.
1868 5019 2011 5080 ap.)
2089 5012 2153 5066 ll
2192 5010 2517 5068 formatione
2553 5012 2628 5068 Π
2696 5013 2765 5070 12
2802 5013 2898 5070 do·

619 5096 818 5168 minus]
856 5096 989 5154 odd.
1027 5097 1163 5153 deus
1196 5097 1265 5152 N
1349 5099 1414 5154 18
1451 5103 1540 5153 est
1563 5099 1679 5167 pn]
1717 5099 2139 5155 miserioordinm
2175 5103 2234 5156 et
2266 5099 2324 5155 Ρ
2419 5102 2487 5156 19
2520 5100 2679 5173 hue]
2714 5101 2820 5159 hoe
2843 5103 2902 5157 Ρ

616 5184 690 5240 w
724 5173 949 5255 dicitur]
983 5184 1117 5240 deus
1149 5186 1199 5241 0
1261 5186 1328 5241 21
1360 5184 1453 5241 dei
1485 5187 1569 5253 (in
1594 5190 1733 5255 me.)
1763 5187 1813 5241 G
1843 5186 1977 5244 deus
2013 5189 2174 5260 (eon-r.
2202 5187 2313 5254 dei)
2340 5188 2408 5244 N
2506 5189 2604 5246 ille
2630 5189 2696 5246 X
2798 5191 2896 5247 nd-

612 5273 822 5343 optiuis
857 5276 1040 5341 (eurr.)
1080 5272 1130 5329 G
1157 5273 1451 5345 adoptiuus
1487 5274 1549 5327 X
1625 5275 1697 5329 22
1733 5275 1844 5347 dei]
1883 5282 1942 5333 et
1975 5279 2224 5349 spiritum
2260 5277 2351 5334 dei
2384 5276 2520 5334 aad.
2556 5277 2614 5333 Ρ
2688 5278 2763 5334 24
2796 5279 2893 5335 sod

615 5374 717 5415 nee
742 5358 1189 5431 ordinis—aqum
1212 5361 1569 5432 intellegatur
1595 5377 1697 5417 out.
1727 5363 1849 5420 Nx
1954 5364 2034 5436 ut]
2063 5369 2121 5419 et
2147 5364 2197 5421 0
2216 5368 2399 5433 (eor-r.)
2470 5364 2543 5422 26
2566 5364 2821 5422 trenntur
2848 5368 2895 5421 C
