3275 6434
467 1509 510 1573 8
1252 1499 1452 1556 Liber
1485 1499 1962 1570 quaestionum

955 1694 1074 1759 sit:
1121 1710 1295 1759 ecce
1339 1692 1562 1757 mitto
1599 1692 1949 1775 angelum
1985 1708 2248 1766 meum,
2286 1689 2542 1758 Murcus
2579 1689 2757 1755 dicat

955 1798 1029 1863 in
1075 1797 1338 1864 Eseis?

685 1903 915 1970 LVIII.
962 1902 1101 1984 Qus
1154 1901 1396 1968 ratione
1450 1904 1642 1986 neget
1690 1899 2002 1967 Iohannes
2056 1898 2378 1967 Christum
2433 1919 2505 1966 se
2558 1919 2751 1966 nosse

954 2011 1096 2072 ante
1142 2005 1555 2089 baptismum,
1602 2023 1748 2072 cum
1792 2004 2097 2089 probetur
2140 2009 2285 2071 ente
2322 2023 2466 2072 eum
2504 2005 2750 2072 scisse?

650 2113 913 2180 LVIIII.
958 2111 1031 2178 Si
1074 2111 1464 2196 baptismum
1511 2109 1785 2176 caeleste
1828 2109 2203 2194 mysterium
2248 2114 2369 2188 est,
2413 2128 2527 2176 cur
2559 2109 2748 2176 Nico-
2808 2128 2837 2174 ι

954 2216 1139 2282 demo
1196 2215 1287 2281 ait
1340 2214 1667 2282 dominus:
1722 2215 1789 2281 si
1848 2215 2247 2281 terrestria
2305 2213 2459 2281 dixi
2518 2215 2748 2280 uobis

956 2324 1033 2387 et
1072 2339 1211 2386 non
1260 2319 1600 2397 creditis,
1649 2323 1717 2385 et
1758 2322 2010 2385 cetera?

774 2426 906 2496 LX.
954 2425 1025 2493 Si
1096 2425 1212 2491 lex
1286 2429 1360 2491 et
1437 2424 1783 2507 profetae
1856 2443 2096 2509 usque
2157 2423 2246 2490 sd
2318 2424 2744 2502 Iohannem,

951 2548 1143 2614 quare
1186 2528 1267 2594 ad
1313 2528 1674 2595 sacerdotes
1721 2528 1924 2594 mittit
1970 2528 2177 2595 offerri
2220 2533 2523 2595 munera?

745 2635 908 2701 LXI.
958 2633 1125 2715 Quid
1171 2637 1271 2700 est
1313 2636 1390 2699 ut
1433 2632 1689 2698 Iudaeis
1737 2632 2088 2718 discipulos
2142 2634 2591 2701 accusantibus
2639 2633 2745 2699 do·
2780 2650 2835 2695 ιο

952 2741 1161 2805 minus
1208 2736 1417 2804 Dauid
1463 2737 1820 2822 exemplum
1867 2737 2218 2821 proferret?

711 2846 906 2913 LXII.
957 2844 1125 2925 Quid
1170 2846 1271 2910 est
1314 2847 1387 2907 ut
1434 2842 1665 2909 occisis
1709 2841 1862 2908 filiis
1905 2843 2056 2908 Lise
2090 2843 2332 2910 Rachel
2374 2842 2544 2910 filios
2591 2864 2745 2910 suos

951 2949 1247 3033 plangere
1294 2947 1584 3013 dicatur?

680 3054 907 3120 LXIII.
954 3050 1097 3132 Qus
1146 3052 1388 3118 ratione
1443 3053 1615 3137 megi
1672 3070 1784 3136 per
1836 3052 2091 3119 stellam
2148 3051 2474 3119 Christum
2528 3071 2745 3139 regem

949 3159 1385 3242 agnouerunt?
2779 3176 2832 3222 u

648 3263 909 3330 LXHII.
955 3260 1094 3342 Quo
1121 3261 1312 3327 modo
1340 3262 1646 3344 probatur
1678 3264 1828 3344 post
1850 3264 1982 3329 tres
2010 3261 2146 3328 dies
2182 3266 2250 3328 et
2283 3267 2502 3329 noctes
2537 3281 2745 3329 resur-

949 3366 1186 3432 rexisse
1233 3364 1662 3431 saluatorem?

717 3471 907 3537 LXV.
956 3469 1025 3536 Si
1061 3487 1188 3535 uno
1228 3487 1334 3536 ore
1372 3468 1803 3553 euangelistae
1832 3468 2034 3535 locuti
2063 3473 2229 3546 sunt,
2270 3489 2382 3536 cur
2408 3474 2540 3537 tres
2569 3476 2749 3537 sexts

959 3576 1112 3640 hors
1149 3578 1215 3639 et
1240 3574 1498 3640 Murcus
1525 3575 1718 3640 tertis
1753 3574 2042 3641 dixerunt
2073 3592 2336 3659 passum
2373 3575 2747 3642 dominum?

685 3680 907 3745 LXVI.
955 3679 1210 3744 Marcus
1288 3677 1620 3744 daemonis
1698 3679 2073 3764 cognouisse
2154 3678 2313 3745 dixit
2382 3679 2743 3757 dominum3
2778 3700 2834 3746 no

954 3782 1284 3867 spostolus
1311 3801 1497 3850 uero:
1534 3783 1601 3850 si
1635 3783 2226 3864 intellexissent,
2263 3785 2376 3862 sit,
2414 3791 2481 3853 et
2515 3791 2746 3852 cetere.

649 3888 906 3957 LXVII.
954 3886 1124 3969 Quid
1186 3891 1291 3954 est
1348 3893 1428 3953 ut
1484 3888 1551 3954 in
1613 3907 1803 3956 cruce
1875 3889 2165 3956 dominus
2238 3889 2436 3956 dicat:
2508 3895 2746 3975 pater,

958 3994 1265 4079 ignosce
1309 3993 1519 4060 illis?

627 4098 914 4165 LXVIII.
961 4097 1281 4165 Orandum
1343 4118 1457 4183 pro
1519 4099 1793 4166 inimicis
1857 4099 2183 4167 docemur:
2248 4119 2439 4185 quare
2502 4101 2748 4167 animae

955 4204 1308 4268 occisorum
1353 4203 1659 4270 uindicari
1704 4222 1773 4269 se
1814 4209 2084 4286 petunt?
2779 4227 2832 4272 xe

591 4307 909 4375 LXVIIII.
957 4306 1026 4374 Si
1080 4308 1478 4392 praedicente
1531 4308 1807 4374 Iohanne
1857 4310 1959 4375 lex
2014 4311 2311 4386 cessauit,
2367 4328 2492 4395 quo
2557 4311 2747 4378 modo

960 4414 1268 4479 salunt-or:
1324 4432 1464 4479 non
1518 4414 1714 4490 ueni,
1769 4413 1879 4491 ait,
1935 4415 2233 4481 soluere
2286 4417 2549 4503 legem,
2616 4416 2749 4483 sed

962 4517 1420 4602 adimplere?

654 4689 680 4743 1
721 4689 846 4743 11⁸1.
883 4689 939 4757 3,
978 4690 1004 4744 1
1189 4691 1224 4744 2
1258 4689 1419 4746 Huc.
1461 4693 1509 4758 1,
1545 4691 1580 4744 2
1787 4693 1820 4748 6
1857 4691 1973 4747 1011.
1996 4693 2063 4759 ,8,
2106 4694 2173 4747 12
2314 4693 2349 4748 8
2387 4694 2515 4751 Luc.
2558 4696 2644 4765 16,
2684 4696 2750 4752 16

471 4777 537 4832 21
578 4776 608 4831 1
646 4775 766 4832 Cor.
803 4778 857 4844 2,
891 4777 926 4829 8
1033 4777 1104 4831 22
1140 4776 1268 4832 Luc.
1306 4779 1394 4846 23,
1430 4779 1500 4833 34
1607 4780 1675 4834 27
1716 4779 1913 4838 Matth.
1949 4782 2002 4845 5,
2044 4782 2109 4836 17

546 4898 575 4952 1
617 4897 754 4952 dicit
773 4896 895 4952 NX
965 4897 1000 4951 3
1026 4898 1286 4953 ihoannes
1311 4898 1386 4953 M
1417 4899 1667 4954 iohannis
1700 4900 1749 4954 C
1849 4904 2037 4973 negat]
2076 4919 2135 4958 se
2163 4901 2295 4958 odd.
2319 4902 2377 4957 P
2478 4920 2539 4959 se
2564 4906 2751 4976 nosse]

473 4985 641 5040 aeine
675 4984 732 5038 P
796 4989 834 5039 4
869 4984 1061 5055 scisse]
1099 5002 1258 5040 noue
1283 4986 1392 5040 AB
1462 4989 1496 5040 5
1520 4988 1841 5044 nichodemo
1869 4989 1926 5042 P
1956 4989 2263 5046 nichodimo
2299 4997 2394 5046 cot.
2479 4992 2509 5045 7
2548 4995 2610 5047 et
2644 5009 2753 5048 nou

475 5071 698 5127 creditis
722 5088 827 5128 om.
853 5071 928 5126 M
1028 5071 1335 5128 credidistis
1351 5074 1408 5128 P
1476 5075 1511 5129 9
1538 5074 1718 5129 offerri
1746 5092 1972 5132 muner·
1993 5093 2095 5133 on.
2112 5076 2181 5132 N
2250 5079 2317 5134 10
2344 5077 2622 5134 dominum
2645 5078 2753 5135 GA

479 5160 548 5216 12
584 5167 672 5215 cst
704 5176 808 5216 on.
850 5158 900 5214 0
1034 5159 1143 5214 lise
1177 5177 1318 5217 cras.
1352 5160 1422 5215 N
1451 5178 1552 5216 om.
1591 5163 1649 5216 P
1773 5162 1837 5217 16
1875 5164 2020 5234 poet]
2058 5181 2155 5235 per
2186 5163 2255 5219 N
2367 5166 2434 5221 1⁹
2470 5165 2666 5222 dixerit
2703 5168 2760 5221 P

476 5247 550 5303 20
585 5247 723 5303 dicit
753 5246 899 5302 an
987 5248 1057 5303 23
1094 5249 1172 5303 eis
1206 5249 1349 5304 an
1436 5251 1507 5304 25
1544 5249 1818 5306 uindicare
1853 5251 1977 5307 NX
2075 5256 2272 5324 petunt
2309 5252 2476 5309 CNx
2558 5255 2630 5309 27
2657 5254 2755 5312 sed

477 5332 793 5405 adimplete]
830 5339 928 5389 sut
962 5336 1252 5407 prophehs
1288 5337 1345 5390 P
