3275 6434
471 1473 598 1540 146
1253 1469 1453 1527 Liber
1489 1470 1953 1543 quaestionum

466 1662 775 1731 LXXXV.
821 1661 1027 1743 QUID
1072 1661 1224 1729 EST
1262 1662 1395 1742 UT,
1433 1662 1614 1731 CUM
1653 1661 2027 1731 CONSTET
2064 1663 2122 1730 A
2158 1663 2424 1732 DAUID
2464 1661 2747 1744 USQUE

465 1768 581 1835 AD
636 1766 1514 1836 TRANSMIGRATIONEM
1565 1766 2041 1836 BABYLONIS
2089 1768 2418 1836 SEPTEM
2455 1768 2561 1835 m·
2606 1769 2748 1835 DE·

467 1872 643 1940 CEM
688 1871 891 1939 ESSE
938 1870 1598 1954 GENERATIONES,
1635 1872 2220 1942 EUANGELISTA
2261 1871 2748 1955 QUATTUOR-

465 1977 734 2046 DEcm
779 1977 1034 2046 DICA'I'
1078 1977 1714 2048 PRAETERMISSO
1755 1977 2156 2058 ΟΟΗΟΒῙΔ,
2194 1979 2343 2061 QUI
2379 1977 2594 2047 POST
2630 1977 2746 2045 10-

466 2084 651 2151 RAM
696 2083 852 2152 EST
895 2083 1192 2151 FILIUM
1232 2081 1613 2153 IOSAFAT.
1650 2084 1756 2151 m·
1800 2083 1992 2152 IOAS
2038 2084 2261 2152 FILIO
2311 2083 2747 2154 OCHODIAE
2807 2099 2836 2139 Ξ·

1071 2190 1179 2257 ΕΤ
1221 2189 1586 2258 AMESSIA
1630 2189 1853 2257 FILIO
1900 2190 2139 2258 IOAS?

554 2330 728 2396 Nihil
778 2330 1236 2415 euangelistam
1302 2350 1490 2414 qnam
1554 2350 1811 2398 sensum
1864 2332 2031 2417 legis
2094 2336 2383 2399 secutum
2444 2331 2747 2398 credibile

466 2437 658 2503 debet
684 2435 1204 2519 nideri‚·ideo,que
1234 2454 1353 2501 non
1383 2435 1676 2502 inmerito
1705 2436 1768 2501 hi
1800 2437 1876 2502 ab
1907 2437 2302 2521 euangelista
2328 2436 2569 2502 sublati
2595 2439 2749 2502 sunt

468 2539 546 2607 de
591 2559 851 2607 numero
898 2543 1270 2608 ceterorum.
1316 2540 1412 2606 sic
1466 2541 1630 2606 enim
1689 2542 1915 2607 horum
1972 2541 2371 2607 continuauit
2420 2541 2743 2624 impietas,

467 2649 542 2711 nt
595 2646 944 2730 malignum
995 2646 1250 2711 illorum
1314 2646 1563 2711 nullum
1624 2647 2029 2712 interuallum
2092 2647 2369 2715 haberet.
2435 2666 2473 2711 a
2536 2647 2745 2713 Ioram
2780 2661 2830 2703 ιο

468 2754 681 2816 antem
727 2754 1020 2834 coeptum
1067 2751 1415 2835 malignum
1463 2752 1556 2817 sic
1610 2752 2078 2835 perambulauit
2129 2771 2332 2836 nsque
2386 2750 2465 2817 ad
2522 2749 2745 2817 Oziam

467 2856 669 2922 fllium
713 2856 1063 2934 Amessiae‚
1119 2861 1191 2921 ut
1247 2856 1486 2922 nullius
1541 2858 1758 2923 lateris
1814 2862 1987 2923 esset
2039 2858 2430 2942 suffragium,
2487 2875 2615 2941 quo
2673 2875 2748 2923 ex

467 2967 644 3046 parte
674 2962 896 3027 merito
924 2962 1122 3045 patris
1161 2962 1391 3045 aliquis
1418 2963 1642 3028 horum
1689 2967 2036 3029 remaneret
2077 2965 2140 3028 in
2181 2982 2439 3029 numero
2502 2981 2749 3047 regum.

466 3084 609 3133 nam
654 3068 862 3132 loram
907 3067 1181 3152 maligne
1227 3086 1420 3152 agens
1465 3069 1691 3134 merito
1737 3068 1979 3134 Iosafat
2018 3069 2325 3135 remissus
2370 3069 2433 3134 in
2480 3086 2747 3134 numero

467 3176 570 3238 est
613 3175 676 3238 et
722 3172 909 3238 Ozias
947 3173 1169 3239 merito
1202 3172 1488 3239 Ioatham
1527 3177 1889 3239 reseruatus
1924 3176 1985 3239 in
2025 3193 2280 3240 numero
2319 3181 2446 3252 est3
2485 3174 2745 3241 illorum
2786 3189 2839 3232 15

466 3279 678 3343 antem
723 3278 918 3343 trium
963 3279 1328 3344 continuata
1371 3278 1735 3363 malignitas
1771 3280 1833 3344 in
1873 3280 2059 3346 deum
2098 3284 2217 3345 est.
2256 3278 2555 3346 Solomon
2594 3298 2751 3363 quo·

466 3400 589 3465 que
651 3384 878 3448 merito
941 3384 1141 3466 patris
1204 3383 1508 3449 remissus
1571 3385 1634 3448 in
1701 3403 1894 3468 regno
1963 3387 2064 3449 est
2115 3389 2181 3450 et
2232 3385 2516 3452 Roboam
2572 3384 2751 3449 fllins

464 3488 822 3554 Solomonis
867 3489 1141 3572 maligne
1189 3507 1380 3574 agens
1425 3491 1654 3554 merito
1699 3489 1864 3556 Asai·
1900 3490 2161 3556 relictus
2208 3496 2310 3557 est
2361 3492 2423 3556 in
2479 3509 2750 3557 numero

463 3611 704 3677 regum.
791 3593 888 3658 illi
953 3597 1165 3658 antem
1239 3598 1368 3658 tres
1441 3595 1504 3658 in
1571 3594 1777 3661 medio
1854 3595 2162 3661 malorum
2237 3597 2520 3663 conclusi
2594 3601 2751 3662 sunt

461 3700 736 3784 maligne
783 3702 1067 3783 agentes;
1113 3697 1255 3763 ideo
1302 3700 1467 3765 erasi
1512 3704 1682 3766 sunt.
1738 3702 1917 3784 peius
1966 3701 2132 3767 enim
2192 3701 2270 3767 ad
2323 3702 2746 3786 perditionem
2784 3718 2839 3763 20

462 3806 711 3890 generis
759 3806 1114 3887 exemplum
1164 3811 1283 3883 est,
1330 3805 1577 3889 qnando
1625 3826 1696 3873 se
1731 3808 1968 3892 ingiter
2000 3808 2364 3893 malignitas
2402 3808 2641 3892 pandit.
2680 3814 2747 3873 et

465 3913 541 3976 ut
594 3912 843 3994 proprie
907 3911 1144 3978 dicam:
1199 3916 1458 3998 propter
1513 3913 1680 3997 qnod
1738 3933 1810 3980 ex
1865 3912 2124 3981 traduce
2180 3933 2396 3981 eorum
2452 3933 2576 3980 non
2643 3921 2750 3980 est

644 4238 665 4290 1
709 4235 776 4291 cs.
813 4236 840 4291 I
877 4237 997 4291 Par.
1034 4239 1084 4305 3,
1126 4237 1192 4293 10
1228 4255 1377 4309 seqq.
1485 4241 1517 4295 3
1556 4239 1621 4297 cs.
1662 4239 1859 4294 Matth.
1901 4241 1949 4306 1,
1990 4241 2054 4295 17
2167 4240 2234 4296 18
2272 4240 2341 4298 cs.
2379 4240 2579 4295 natu..
2621 4240 2672 4308 1,
2706 4240 2740 4294 8

278 4450 464 4519 des-P
530 4447 564 4500 2
601 4445 669 4499 ad
706 4446 1236 4514 transmigrationem
1275 4445 1357 4499 bis
1398 4444 1447 4500 C
1478 4445 1546 4499 ad
1582 4446 2065 4515 transmigratione
2100 4445 2165 4500 N
2373 4447 2528 4503 xvn
2564 4449 2743 4504 NGA

457 4535 490 4588 3
529 4532 944 4603 quatuordecem
981 4533 1052 4587 M
1190 4537 1225 4588 4
1265 4532 1410 4587 dicat
1445 4533 1514 4588 ho
1551 4535 1643 4600 (ho
1683 4537 1844 4602 eras.)
1887 4534 1936 4589 G
1966 4534 2102 4589 dicit
2136 4535 2199 4590 X
2357 4538 2741 4606 praetermisso

459 4638 563 4676 om.
607 4622 653 4676 0
756 4619 984 4674 ochodia
1017 4621 1219 4687 (rubr-..-
1254 4637 1390 4675 corr.
1431 4627 1521 4675 atr
1576 4621 1821 4690 ochosia)
1858 4621 1933 4675 M
1962 4621 2260 4678 ochoohdie
2298 4621 2458 4689 (corr.
2498 4623 2740 4679 ochooh-

459 4708 574 4778 dia)
608 4708 676 4763 N
704 4708 925 4764 ochocia
961 4707 1021 4762 F
1053 4709 1275 4763 ochosia
1309 4709 1371 4761 X
1544 4712 1577 4765 5
1617 4714 1703 4764 est
1736 4725 1839 4764 om.
1882 4709 1930 4764 G
2102 4714 2137 4766 6
2173 4713 2439 4767 amaessia
2472 4715 2634 4781 ([οιτ.
2674 4730 2744 4769 α·

459 4798 715 4864 amassia)
755 4798 804 4853 0
907 4797 938 4851 7
978 4796 1315 4866 euangelista
1350 4797 1409 4852 X
1515 4797 1549 4851 8
1585 4797 1665 4852 hii
1694 4797 1851 4853 CGA
1960 4799 2028 4855 10
2061 4799 2269 4856 nullum
2308 4806 2364 4866 (n
2399 4801 2463 4855 iss
2496 4803 2635 4871 ras.)
2672 4801 2751 4857 M

457 4902 496 4938 a
537 4884 737 4955 loram]
780 4886 988 4940 maiora
1038 4887 1197 4954 (corr.
1243 4885 1439 4954 imm)
1483 4885 1559 4941 M
1769 4887 1832 4942 11
1891 4887 2060 4944 oriam
2112 4893 2164 4956 (a
2207 4904 2251 4947 s.
2286 4884 2336 4945 '1-
2381 4905 2452 4944 ns.
2504 4891 2637 4958 rec.)
2681 4889 2751 4944 N

464 4973 529 5028 12
575 4974 838 5045 arnaessie
879 4975 1040 5044 (corr.
1087 4975 1339 5046 aruassie)
1386 4974 1457 5031 Π
1499 4974 1806 5044 amaa(s)iae
1849 4975 1913 5029 X
2086 4992 2204 5033 csse
2248 4977 2312 5032 X
2490 4978 2558 5033 14
2609 4993 2742 5034 uam

460 5061 659 5131 1oraml
703 5062 910 5116 maiora
946 5065 1107 5128 (corr.
1143 5063 1333 5131 ioram)
1362 5062 1438 5118 M
1545 5063 1872 5135 praemissus
1903 5064 1953 5119 C
2057 5064 2125 5121 15
2159 5064 2363 5121 iotham
2397 5064 2504 5120 CX
2534 5065 2744 5122 ioatam

460 5149 522 5204 Ν
663 5152 1004 5205 reseruantus
1045 5149 1093 5204 G
1199 5151 1264 5207 18
1302 5151 1424 5207 asaf
1464 5155 1620 5221 (corr.
1668 5168 1763 5207 asa
1806 5169 1948 5210 eras.
1993 5151 2048 5220 f)
2092 5152 2168 5208 M
2196 5152 2366 5224 asaph
2406 5151 2455 5208 C
2486 5169 2585 5209 asa
2619 5153 2750 5211 Nx

461 5237 695 5294 relectus
735 5238 839 5293 CF
964 5255 1236 5294 nno-mero
1273 5239 1334 5318 ly
1443 5242 1507 5297 19
1543 5240 1826 5296 maliorum
1862 5245 2045 5309 (corr.)
2088 5242 2135 5296 G
2237 5242 2308 5296 20
2342 5241 2468 5312 pins
2503 5241 2571 5297 Ν
2712 5261 2744 5299 a

460 5325 766 5396 perditione
804 5326 865 5380 N
