3275 6434
875 661 2785 1070 -Ξ-

489 1461 603 1523 191
1270 1453 1465 1509 Liber
1509 1454 1970 1526 quaestionum

481 1650 622 1714 daur
671 1649 789 1716 hoc
834 1646 1287 1727 adseuerantis,
1330 1646 1499 1730 quod
1555 1646 1618 1713 in
1675 1646 1980 1713 subiectis
2035 1647 2404 1731 pandemus,
2461 1649 2638 1717 istud
2690 1654 2752 1716 et

478 1754 658 1821 uobis
702 1753 1039 1820 iniunxerit
1081 1752 1310 1819 caritas
1357 1755 1724 1830 memorata,
1767 1771 1869 1830 ne,
1917 1771 2063 1818 cum
2109 1770 2292 1820 nemo
2329 1754 2410 1820 ad
2447 1754 2607 1822 haec
2645 1755 2751 1822 diu

480 1859 901 1945 responderet,
963 1859 1025 1924 iu
1091 1859 1271 1942 peius
1333 1857 1665 1943 proficeret
1717 1861 1783 1923 et
1851 1857 1960 1924 diu
2014 1858 2078 1923 in
2141 1877 2307 1927 uano
2373 1859 2753 1929 exercitatae

479 1965 793 2032 emendari
858 1984 978 2031 non
1041 1965 1263 2048 possit.
1326 1963 1446 2029 hoc
1514 1962 1681 2030 enirn
1738 1962 2019 2029 caritatis
2075 1963 2359 2030 studium
2418 1968 2540 2044 est,
2597 1985 2755 2050 quae

482 2089 624 2137 nou
674 2070 997 2153 quaerit
1043 2089 1240 2153 quae
1289 2088 1430 2135 sua
1478 2072 1683 2135 sunt.

569 2179 629 2241 2.
676 2172 946 2255 Quidam
992 2176 1204 2260 igitur,
1252 2175 1358 2257 qui
1396 2192 1620 2240 nomen
1668 2172 1859 2240 habet
1902 2174 2049 2240 falsi
2096 2174 2221 2244 dei.
2269 2174 2429 2242 duce
2476 2177 2757 2243 stultitia

481 2284 545 2346 et
591 2280 872 2348 ciuitatis
902 2281 1219 2359 Romanae
1255 2280 1555 2346 iactantia
1591 2279 1825 2345 leuitas
1861 2278 2297 2347 sacerdotibus
2344 2286 2409 2348 et
2455 2281 2758 2351 diaconos

481 2386 846 2467 presbiteris
922 2404 1264 2469 coaequare
1337 2383 1678 2461 contenditq
1754 2403 1873 2450 nou
1938 2384 2141 2451 dicam
2208 2386 2541 2468 praeferre.
2609 2388 2757 2471 quia

481 2493 746 2558 stultius
810 2496 910 2558 est
965 2495 1033 2557 et
1083 2491 1245 2558 forte
1300 2490 1669 2557 incredibile
1724 2489 2018 2556 uideatur
2070 2495 2139 2557 et
2191 2509 2315 2558 nos
2362 2510 2486 2558 non
2542 2511 2759 2560 emen·

483 2599 752 2679 datores,
798 2598 911 2665 sed
966 2597 1456 2664 calumniatores
1510 2595 1870 2662 habeamur.
1924 2615 2050 2679 qua
2102 2596 2300 2682 igitur
2349 2599 2493 2684 lege
2549 2618 2760 2681 queue

485 2702 958 2782 consuetudine,
1025 2720 1294 2786 quonam
1361 2703 1645 2785 exemplo
1709 2702 1829 2768 hoc
1892 2700 2152 2785 adgredi
2215 2701 2465 2783 audeat,
2512 2704 2761 2771 nullum

486 2810 644 2876 scire
691 2809 978 2885 arbitror,
1016 2811 1091 2874 ut
1125 2809 1304 2888 istos,
1355 2808 1585 2891 quibus
1633 2826 1971 2876 consessus
2018 2808 2079 2872 in
2129 2808 2396 2876 ecclesia
2433 2809 2625 2878 datus
2662 2816 2765 2878 est

487 2916 762 2990 minime,
811 2915 912 2981 his
961 2919 1267 2998 coaequet
1311 2915 1439 2998 qui,
1488 2919 1743 2999 propter
1786 2914 1955 2997 quod
1991 2914 2312 2981 antistites
2350 2915 2451 2982 dei
2488 2921 2662 2997 sunt,
2696 2919 2761 2984 in

487 3022 671 3086 domo
721 3021 819 3086 dei
869 3026 932 3086 et
975 3023 1038 3087 iu
1089 3021 1320 3087 honore
1368 3021 1604 3088 Christi
1651 3039 1796 3086 cum
1845 3020 2147 3107 dignitate
2194 3021 2553 3088 considunt.
2602 3042 2764 3106 quae

487 3127 750 3193 audacia
795 3130 894 3194 est
938 3127 1303 3210 presbiteris
1360 3127 1682 3193 ministros
1736 3127 2018 3211 ipsorum
2074 3144 2257 3211 pares
2310 3127 2543 3194 facere!
2602 3147 2766 3213 quae

486 3233 862 3299 temeritatis
913 3251 1077 3298 uana
1123 3232 1550 3315 praesumptio
1598 3231 2032 3298 sacerdotibus
2079 3232 2327 3299 baiulos
2371 3233 2765 3301 tabernaculi

489 3344 553 3403 et
597 3339 874 3404 omnium
923 3356 1216 3403 uasorum
1266 3338 1401 3402 eius
1449 3341 1514 3402 et
1556 3337 1871 3422 lignorum
1920 3339 2274 3404 concisores
2321 3341 2389 3404 et
2421 3339 2764 3422 portitores

470 3439 689 3525 'aquae
736 3443 1040 3511 conferre!
1091 3443 1210 3508 hoc
1259 3443 1420 3507 euim
1471 3442 1750 3509 officium
1796 3443 1919 3508 fuit
1963 3443 2323 3509 leuitamm.
2369 3444 2499 3510 tale
2545 3449 2668 3524 est,
2708 3445 2766 3510 si

489 3549 822 3631 praefectis
870 3547 1195 3625 officiales,
1234 3548 1501 3614 dominis
1529 3549 1721 3614 ·serui
1768 3554 2130 3632 aequentur.
2176 3547 2298 3615 hoc
2344 3550 2508 3615 enim
2568 3552 2770 3635 scrip-

490 3661 626 3722 tum
675 3661 772 3721 est
818 3655 1063 3720 dicente
1110 3653 1360 3720 domino
1409 3654 1486 3719 ad
1533 3654 1825 3738 Moysen:
1875 3654 2153 3736 accipe
2208 3654 2508 3720 tribum
2565 3655 2767 3722 Leui

492 3763 579 3827 de
655 3760 914 3826 m-edio
989 3761 1353 3825 filiorum
1430 3759 1749 3825 Israhel
1829 3763 1903 3824 et
1977 3762 2256 3826 statue
2319 3760 2517 3826 illos
2585 3765 2767 3827 ante

490 3871 746 3934 Aaron
794 3866 1301 3933 sacerdotem
1352 3870 1429 3931 et
1476 3865 1950 3932 deserui-ent
1993 3865 2082 3931 ei.
2134 3864 2283 3949 quid
2319 3865 2440 3932 hoc
2475 3867 2767 3950 exemplo

490 3973 788 4056 apertius,
826 3970 994 4056 quod
1040 3972 1228 4039 etiam
1277 3989 1441 4036 nuuc
1483 3971 1547 4038 iu
1595 3971 1863 4037 ecclesia
1909 3970 2309 4038 custoditur?

667 4217 700 4270 5
739 4213 764 4269 1
803 4212 922 4270 Cor.
965 4213 1048 4275 18,
1086 4214 1119 4267 5
1296 4213 1360 4267 16
1398 4213 1465 4268 cs.
1504 4213 1528 4266 1
1565 4213 1687 4269 Par.
1726 4212 1813 4280 28,
1850 4213 1919 4267 26
2094 4212 2156 4266 17
2198 4211 2266 4268 cl.
2304 4210 2411 4265 loe.
2450 4214 2502 4274 9,
2541 4210 2614 4266 38
2647 4211 2770 4280 (27)

490 4305 559 4359 20
594 4303 760 4359 Num.
797 4303 849 4363 3,
886 4304 936 4357 6.
976 4303 1045 4358 cs.
1084 4302 1134 4369 8,
1178 4303 1242 4357 12

314 4443 497 4510 ἀςιζΡ
570 4446 593 4498 1
644 4441 928 4514 pandimus
971 4442 1078 4498 GA
1291 4440 1457 4511 istud]
1505 4442 1678 4496 istnnt
1713 4440 1787 4494 M
1996 4444 2052 4493 et
2096 4437 2457 4511 Enqelbrecht
2502 4443 2567 4494 ut
2609 4438 2770 4495 codd.

493 4534 525 4586 3
564 4533 638 4601 et]
678 4536 738 4585 ut
775 4531 839 4585 N
940 4534 974 4586 4
1012 4530 1297 4587 emendare
1335 4530 1395 4584 N
1536 4533 1721 4600 posset
1762 4527 1867 4584 ΘΔ
1975 4530 2009 4583 6
2047 4527 2141 4598 qui
2177 4542 2374 4583 nomen
2408 4525 2599 4597 hebet]
2636 4525 2771 4598 qnid

493 4619 661 4675 habet
704 4635 898 4675 nomen
942 4621 989 4674 G
1029 4636 1223 4675 nomeu
1272 4617 1402 4689 quid
1447 4618 1617 4674 habet
1661 4616 1727 4672 N
1767 4614 1897 4687 quid
1943 4632 2137 4677 nornen
2174 4615 2343 4670 habet
2370 4613 2430 4669 X
2642 4613 2770 4671 falsi

495 4707 606 4778 dei]
655 4707 780 4762 falsi
829 4706 955 4762 dere
1001 4712 1235 4777 querunt
1283 4709 1330 4761 G
1371 4706 1497 4762 {alei
1544 4704 1653 4761 dici
1699 4705 1751 4759 A
1983 4703 2275 4789 stultitiam
2316 4703 2385 4763 X
2578 4701 2610 4755 7
2656 4701 2770 4758 ἰω-

493 4795 700 4852 tantiae
737 4796 805 4850 N
867 4796 902 4850 8
938 4794 1192 4867 praeferri
1225 4796 1331 4853 GA
1403 4798 1437 4851 9
1474 4799 1561 4850 est
1593 4809 1698 4850 om.
1726 4792 1788 4847 X
1894 4791 2292 4848 &mendatores
2318 4791 2391 4846 Π
2463 4790 2530 4846 10
2567 4792 2769 4862 quae]

495 4897 631 4954 qnae
668 4882 756 4937 uel
798 4881 856 4937 1¹*
886 4880 976 4938 uel
1014 4898 1122 4952 qna
1160 4881 1269 4939 ΟΔ
1307 4898 1415 4952 qna
1448 4881 1536 4936 uel
1572 4882 1628 4937 B
1791 4880 1853 4934 ll
1894 4877 2084 4935 audiat
2118 4880 2306 4947 (corr.)
2348 4878 2396 4931 (J
2431 4892 2436 4897 ·
2539 4878 2606 4933 12
2642 4894 2770 4934 con·

494 4986 682 5027 sensus
719 4969 876 5025 mad.
915 4973 1071 5038 (corr.
1111 4972 1262 5027 Aua?
1294 4970 1421 5040 unq.)
1594 4969 1661 5025 ¹8
1698 4970 1966 5040 coaequat
2000 4967 2061 5022 Χ
2241 4968 2308 5022 15
2342 4964 2668 5038 praebitori·
2702 4964 2778 5023 Π

498 5059 564 5114 16
617 5059 900 5114 temeritas
953 5057 1194 5114 HNFG
1246 5057 1518 5114 timei-itas
1570 5059 1732 5125 (corr.
1783 5056 2087 5124 temeritas)
2146 5055 2195 5110 0
2455 5053 2669 5111 belota
2726 5055 2776 5110 0

497 5145 706 5201 baiolus
743 5146 810 5214 (?)
849 5147 1037 5214 (corr.)
1072 5143 1137 5200 N
1167 5145 1379 5201 baiolo·
1416 5144 1476 5200 X
1510 5144 1635 5213 (au.
1673 5160 1707 5199 o
1742 5144 1808 5200 δυ
1836 5158 1953 5200 ras.
1991 5143 2061 5212 A,
2098 5158 2237 5200 corr.
2274 5142 2349 5207 B)
2541 5141 2610 5197 17
2644 5157 2767 5212 por·

496 5234 663 5288 tiores
721 5233 780 5295 C,
836 5237 999 5302 (corr.
1055 5237 1183 5290 rec.)
1238 5234 1303 5288 Ν
1538 5232 1604 5289 19
1652 5231 1937 5289 dominicis
1991 5232 2067 5287 Π
2325 5233 2660 5299 neq-estur·
2702 5228 2775 5284 Π

497 5322 567 5378 ’30
601 5322 748 5376 leuui
787 5320 859 5376 Μ
990 5316 999 5326 ”
