3275 6434
468 1494 586 1560 ΧΗ
1314 1493 1895 1562 Prolegomenn.

468 1687 581 1753 sed
604 1686 899 1757 ,alterius
954 1687 1191 1752 multae
1248 1690 1401 1752 sunt
1440 1686 1660 1770 potius
1706 1686 2005 1753 homiliae
2049 1689 2155 1754 uel
2198 1691 2507 1755 tractatus
2553 1708 2747 1773 quam

467 1792 893 1877 quaestiones.
951 1811 1132 1877 porro
1188 1811 1425 1858 errores
1482 1811 1646 1874 quos
1701 1792 1871 1876 prior
1923 1793 2178 1860 exhibet
2227 1794 2291 1859 in
2356 1794 2560 1860 altera
2622 1814 2747 1862 non

465 1898 784 1964 uidentur.
832 1902 907 1964 ιιι
958 1898 1244 1982 exempla
1298 1898 1598 1972 adferam,
1664 1896 1936 1963 Char-mi
1987 1900 2156 1982 prior
2208 1899 2367 1966 dicit
2418 1918 2742 1985 peccasse,

468 2004 581 2071 sed
628 2008 796 2070 recte
841 2005 1060 2070 Acleao·
1099 2005 1320 2088 filium
1371 2003 1648 2070 Chat-mi
1690 2003 1778 2092 (p.
1824 2007 1931 2080 64,
1978 2004 2048 2090 2)
2095 2005 2320 2081 sltera;
2366 2024 2593 2072 uersus
2638 2006 2745 2072 bis

469 2110 632 2177 falso
679 2110 757 2175 ad
803 2110 1187 2197 Hieremiam
1235 2111 1474 2176 relatus
1522 2113 1624 2175 est
1668 2111 1733 2175 in
1780 2110 1984 2195 priore
2028 2109 2118 2196 (p.
2165 2113 2317 2190 429,
2356 2115 2417 2177 6.
2455 2113 2611 2191 469,
2650 2111 2741 2197 9),

469 2216 578 2300 qui
634 2235 782 2282 uere
836 2216 914 2281 ad
962 2216 1355 2282 Ezechielem
1409 2215 1701 2300 pertinet,
1746 2220 1824 2281 ut
1874 2216 1938 2281 in
1993 2217 2192 2282 altera
2248 2220 2417 2283 recte
2472 2217 2747 2284 habetur

470 2320 559 2409 (p.
607 2322 712 2399 76,
758 2321 892 2407 27).
940 2323 1225 2405 quaestio
1273 2322 1350 2388 de
1395 2321 1576 2388 ArrIo
1625 2323 1865 2406 scripta
1906 2320 2196 2407 (xcvn)
2243 2323 2446 2388 multo
2491 2323 2745 2410 longior

468 2433 570 2494 est
622 2427 686 2493 in
740 2427 937 2492 alters
991 2445 1179 2509 quam
1234 2429 1296 2493 in
1351 2427 1576 2512 priore.
1631 2445 1823 2510 quare
1878 2427 2139 2493 alteram
2194 2427 2489 2494 seriorem
2536 2428 2743 2494 fuisse

467 2532 599 2599 ueri
653 2533 862 2599 simile
916 2538 1035 2598 est.
1089 2533 1492 2616 quaestiones
1548 2551 1800 2617 quoque
1855 2551 2072 2599 omnes
2127 2533 2275 2614 fere,
2322 2552 2482 2617 quae
2526 2534 2593 2598 in
2642 2551 2740 2599 se·

463 2637 675 2704 cunda
719 2639 995 2704 editione
1043 2644 1162 2704 non
1200 2638 1518 2723 leguntur,
1557 2642 1712 2704 sunt
1754 2638 2169 2704 breuissimse
2213 2637 2526 2722 facileque
2561 2657 2740 2722 prae·

465 2744 735 2809 ter-mitti
781 2749 1070 2828 poterant
1115 2749 1189 2810 ut
1231 2744 1491 2809 minoris
1528 2744 1834 2810 momenti
1868 2744 1930 2809 in
1970 2763 2063 2823 ea,
2100 2743 2212 2809 sed
2248 2743 2355 2810 uix
2390 2743 2741 2810 ostenderit

469 2849 613 2933 quis
658 2868 773 2915 cur
815 2851 925 2915 eae
968 2851 1030 2915 in
1079 2850 1359 2915 secunda
1401 2851 1781 2934 legerentur,
1819 2851 1875 2916 si
1919 2850 1981 2915 in
2028 2849 2234 2935 priore
2279 2869 2396 2917 non
2443 2849 2736 2916 fuissent.

460 2959 683 3020 contra
733 2959 1038 3023 tractatus
1090 2957 1404 3042 longiores
1458 2956 1719 3021 minime
1771 2956 1833 3021 in
1891 2958 2091 3021 altera
2140 2955 2417 3022 editione
2479 2956 2735 3041 neglegi

465 3065 777 3146 poterant.
823 3081 1002 3145 porro
1057 3063 1241 3146 plura
1291 3066 1442 3127 sunt
1493 3062 1673 3147 signa
1729 3061 2122 3144 repetitionis
2176 3063 2241 3127 in
2295 3061 2500 3144 priore
2543 3080 2733 3144 qnam

466 3167 528 3232 in
575 3166 801 3232 altera:
848 3167 1000 3233 nihil
1046 3169 1176 3233 tale
1222 3168 1408 3250 quale
1452 3185 1510 3249 p.
1557 3169 1711 3246 464,
1763 3168 2041 3247 18-24,
2088 3168 2198 3251 qui
2243 3168 2424 3233 locus
2469 3167 2548 3232 ad
2598 3185 2731 3233 uer·

465 3272 618 3337 bum
654 3272 963 3356 repetitus
1000 3277 1101 3339 est
1143 3292 1214 3339 ex
1258 3293 1316 3356 p.
1363 3275 1516 3349 441,
1561 3274 1845 3349 22-27,
1893 3272 2004 3339 ubi
2050 3277 2247 3338 totam
2295 3274 2731 3356 quaestionem

465 3377 640 3443 XLII
685 3377 898 3447 efficit,
945 3379 1007 3443 in
1054 3380 1251 3444 ultera
1295 3378 1570 3444 editione
1612 3379 1897 3444 inuenire
1939 3379 2198 3463 poteris.

560 3483 863 3567 Diligenti
909 3485 1163 3567 quidem
1208 3483 1430 3551 lectori
1469 3484 1749 3550 elucebit
1783 3488 2102 3550 auctorem
2140 3502 2301 3568 opus
2345 3502 2533 3550 suum
2572 3483 2737 3550 curi·

465 3607 578 3654 ose
623 3594 998 3655 retractasse
1042 3608 1116 3654 ea
1161 3590 1398 3655 ratione
1446 3593 1520 3655 ιιι
1561 3590 1928 3672 prolixiores
1974 3607 2126 3655 suos
2162 3592 2472 3655 tractatus
2509 3588 2736 3653 admit-

469 3699 602 3761 tere
655 3701 910 3778 posset„
956 3696 1169 3777 itaque
1226 3696 1432 3761 omnia
1489 3696 1664 3778 parui
1720 3695 2046 3771 momenti,
2100 3694 2336 3759 multas
2391 3695 2737 3760 sententias

469 3800 844 3883 procedente
889 3801 1046 3865 libro
1085 3800 1408 3882 repetitas,
1449 3819 1665 3865 omnes
1704 3818 1863 3882 quos
1899 3798 2161 3865 uidebat
2193 3818 2431 3865 errores
2464 3799 2742 3865 resecuit

464 3911 583 3970 aut
632 3906 912 3971 sustulit.
960 3924 1101 3970 cum
1159 3906 1395 3970 multae
1452 3905 1676 3970 breues
1732 3905 2130 3987 quaestiones
2178 3903 2482 3988 epistulas
2528 3905 2737 3969 breui·

465 4030 608 4077 ores
669 4011 965 4077 Paulinas
1031 4015 1388 4088 tractarent,
1454 4011 1638 4076 facile
1712 4014 1959 4094 poterat
2018 4029 2125 4076 eas
2190 4010 2498 4085 omittere,
2564 4011 2736 4093 quis,

469 4121 806 4200 postquam
853 4117 1122 4200 priorem
1176 4116 1638 4193 Quaestionum
1688 4117 2114 4182 recensionem
2162 4114 2452 4191 confecit,
2491 4114 2570 4179 ad
2608 4115 2737 4197 epi-

471 4224 672 4288 stulas
716 4222 1014 4288 Paulinas
1070 4223 1398 4306 prolixiore
1454 4241 1639 4306 opere
1689 4221 2083 4304 explicandas
2131 4220 2236 4285 uel
2282 4221 2496 4302 potius
2541 4220 2735 4304 expli-

471 4331 644 4392 catas
701 4327 974 4392 edendas
1029 4347 1097 4392 se
1153 4332 1548 4393 conuerterat
1600 4331 1666 4392 et
1721 4326 1820 4391 his
1864 4325 2352 4404 commentariis,
2396 4325 2501 4406 qui
2550 4323 2740 4389 hodie

467 4451 722 4515 quoque
775 4434 922 4497 ficto
980 4432 1454 4497 Aaeeebe·c›se‘«st1·i
1505 4433 1752 4498 nomine
1808 4435 2166 4515 supersunt,
2193 4432 2237 4507 ι)
2289 4430 2477 4495 editis
2531 4434 2740 4494 certas

467 4539 775 4620 quasdam
812 4538 1277 4615 Quae-‘timenus
1311 4543 1521 4620 partes
1557 4539 1910 4622 superfluas
1936 4555 2077 4602 esse
2102 4536 2387 4620 putabat.
2415 4539 2743 4619 praeterea

471 4647 720 4727 poterat
754 4645 1142 4726 subprimere
1180 4643 1339 4708 V.T.
1381 4646 1464 4708 42
1501 4647 1588 4725 (p.
1625 4646 1799 4725 424),
1837 4663 2024 4726 quam
2064 4643 2495 4725 quaestionem
2533 4641 2739 4706 multo

471 4749 771 4833 prolixius
821 4750 881 4814 in
931 4755 1170 4832 quaest.
1218 4748 1484 4815 CXXIII
1532 4749 1859 4820 tractauit;
1908 4748 2128 4813 eodem
2181 4748 2368 4813 modo
2416 4748 2478 4811 in
2525 4747 2738 4811 locum

472 4854 632 4920 V.T.
689 4857 772 4920 48
829 4855 915 4942 (p.
971 4853 1128 4938 427)
1193 4854 1505 4921 successit
1563 4854 1812 4938 longior
1872 4856 2114 4934 quaest.
2178 4850 2353 4924 CIII;
2420 4851 2583 4917 NJP.
2650 4851 2739 4914 65

470 4958 556 5043 (p.
622 4960 778 5043 459)
852 4960 1100 5037 excidit,
1175 4960 1359 5026 cuius
1433 4959 1635 5024 uicem
1711 4959 1911 5023 multo
1986 4958 2214 5022 melius
2279 4962 2519 5039 quaest.
2593 4955 2740 5022 XCI

566 5098 604 5162 ι)
641 5097 776 5152 Vide
813 5098 954 5152 infra
981 5117 1032 5169 p.
1062 5099 1259 5154 XXIII.
1291 5097 1603 5152 uerisimile
1638 5096 1771 5150 mihi
1798 5095 2015 5150 uidetur
2042 5099 2312 5149 auctorem
2346 5094 2741 5164 Quaestionum

474 5192 528 5240 et
567 5185 957 5240 Asnbross'astri
1001 5188 1094 5258 qui
1139 5185 1339 5241 dicitur
1381 5200 1545 5256 opera
1589 5201 1685 5239 sna
1720 5184 1823 5238 hoc
1861 5182 2047 5238 ordine
2084 5182 2385 5251 scripsisse:
2424 5181 2630 5238 comm.
2671 5181 2741 5234 ad

472 5274 642 5336 Rom..
669 5272 874 5329 Comm.
912 5274 1050 5329 adl.
1089 5274 1141 5328 II
1181 5273 1321 5332 Cor..
1350 5273 1569 5338 Quae-st.
1608 5272 1689 5327 ed.
1730 5290 1825 5342 pr„
1854 5269 2058 5326 Corum.
2096 5270 2164 5324 ad
2194 5274 2400 5324 ceteras
2429 5269 2582 5323 Pauli
2623 5270 2741 5338 epi-

468 5363 660 5424 stulas,
699 5363 920 5428 Quaest.
960 5363 1040 5417 cd.
1080 5368 1217 5433 post.
