3275 6434
237 1174 299 1239 192
624 1168 724 1224 Liber
747 1169 981 1239 quaestionum

233 1363 430 1430 credentium
461 1382 480 1427 e
512 1361 638 1428 domiuo
669 1362 755 1427 dicte
786 1367 1002 1441 contectum
1035 1364 1101 1445 qui,
1132 1366 1373 1448 propterquod

236 1469 426 1535 mundonem
455 1468 640 1554 sapientium
663 1470 822 1551 spernunt,
849 1467 974 1552 paruuli
1001 1467 1150 1534 uidentur
1176 1468 1373 1551 sapientibus

235 1573 356 1654 muudi,
393 1574 447 1657 qui
484 1573 572 1639 nullo
608 1572 792 1639 testimonio
830 1573 1041 1639 commendeti
1073 1574 1232 1658 sepientes
1260 1576 1375 1641 uolunt

234 1681 308 1746 dici.
330 1679 447 1745 idcirco
470 1678 634 1763 iudignum
658 1679 765 1744 uisum
788 1681 839 1744 est
862 1677 920 1744 (leo
944 1678 994 1744 his
1014 1679 1178 1746 ostendere
1196 1680 1375 1762 ueritstem,

237 1786 412 1853 humilibus
436 1788 552 1864 eutem,
575 1784 630 1868 qui
652 1783 732 1849 nihil
755 1783 793 1849 de
816 1801 852 1850 se
874 1789 1112 1868 praesumentes
1131 1786 1182 1852 dei
1205 1806 1239 1853 se
1262 1788 1375 1853 uoluu-
1404 1805 1417 1847 s

236 1893 297 1960 tuti
318 1892 477 1973 inclinent,
501 1892 661 1975 aequitate
684 1893 816 1976 cogente
843 1890 996 1956 saluteris
1022 1892 1191 1958 reuelsuds
1213 1897 1297 1960 suut
1325 1893 1377 1959 hie

236 1999 321 2066 euim
349 1997 486 2084 prudeus
516 1997 574 2062 deo
605 1999 655 2063 est
682 2001 714 2062 et
741 1997 856 2062 salutis
882 2016 959 2062 sues
986 2016 1116 2078 memor,
1143 1996 1196 2082 qui
1225 1999 1378 2066 scientiae

237 2124 316 2172 suae
338 2102 573 2186 auteponit-dei
595 2102 709 2187 legem,
743 2120 838 2185 quum
865 2103 975 2186 utique
1004 2103 1095 2170 uidet
1120 2123 1181 2169 oon
1207 2105 1378 2206 uerborum

240 2208 374 2294 strepitu
399 2208 515 2286 fulciri,
535 2208 589 2272 sed
608 2226 713 2273 rerum
732 2208 916 2274 uirtutibus.
935 2211 968 2273 et
985 2209 1053 2275 siue
1072 2209 1167 2276 dubio
1186 2209 1237 2275 hic
1256 2210 1378 2277 stultus

239 2320 275 2381 et
296 2333 398 2380 uerus
420 2316 478 2392 est,
502 2313 556 2397 qui
579 2313 654 2378 huic
676 2314 720 2377 rei
744 2332 778 2379 se
801 2313 1010 2391 commendet,
1034 2333 1115 2398 queo
1132 2313 1219 2381 uullu
1236 2317 1381 2382 munitur
1398 2336 1422 2377 m

242 2418 462 2506 proerogatiue
485 2418 657 2503 signorum.

285 2527 318 2592 2.
345 2523 435 2592 Unde
462 2542 522 2590 uon
551 2524 700 2588 litteratis
729 2524 850 2590 saeculi
876 2543 1008 2610 reguum
1037 2525 1114 2591 deus
1141 2527 1301 2610 promisit,
1324 2527 1380 2594 sed

242 2631 404 2707 fidelibus3
446 2647 547 2711 neque
589 2629 819 2695 scrutatoribus
856 2629 996 2696 siderum
1033 2632 1250 2698 aeternitatem
1288 2634 1381 2716 polli-

241 2742 341 2814 cetur,
379 2735 432 2804 sed
468 2739 553 2800 reete
585 2734 767 2818 egentibus:
802 2753 859 2800 uec
893 2734 1079 2813 dialecticis,
1111 2738 1166 2820 qui
1202 2737 1312 2803 ireude
1349 2742 1381 2805 et

245 2841 375 2908 minutis
408 2839 597 2922 quibusdem
630 2857 740 2904 uerum
774 2839 938 2906 excludere
964 2841 1119 2920 nituntur,
1149 2841 1282 2926 glorium
1315 2844 1381 2922 ist,
1400 2862 1422 2906 rs

243 2946 302 3012 sed
323 2946 422 3011 bonae
445 2944 621 3012 uoluntatis
644 2944 834 3024 homiuibus,
857 2946 910 3028 qui
934 2947 1072 3013 accurati
1090 2947 1193 3032 magis
1216 2948 1285 3013 uite
1306 2953 1384 3016 suut

245 3070 339 3134 quem
367 3068 518 3115 sermone.
545 3049 626 3114 istos
655 3050 738 3115 euim
761 3050 908 3134 reprobet
935 3049 1023 3130 deus,
1052 3052 1105 3134 qui
1139 3053 1277 3118 oratioue
1305 3054 1382 3119 cleri

244 3156 398 3222 sermonis
431 3155 479 3219 uti
510 3155 623 3220 uolunt
660 3173 756 3237 quem
788 3155 879 3221 bonis
912 3156 1046 3221 actibus.
1078 3175 1151 3221 uam
1184 3160 1217 3223 et
1248 3159 1383 3241 glorium

243 3262 297 3327 dei
327 3261 359 3326 iu
392 3279 426 3327 se
458 3261 532 3326 uult
563 3265 755 3340 conuertere,
789 3261 845 3345 qui
875 3280 941 3327 rem
970 3261 1020 3327 dei
1047 3261 1154 3329 uerbis
1177 3281 1324 3329 exornare
1347 3283 1383 3330 se

246 3369 346 3449 putei.
374 3385 425 3431 res
454 3366 536 3431 euim
564 3366 652 3450 ipsse
680 3385 735 3451 per
762 3385 796 3432 se
823 3366 947 3451 placere
974 3365 1099 3445 debent
1122 3371 1242 3435 utnon
1266 3388 1422 3447 sermmm

245 3471 302 3537 sed
334 3490 446 3536 sensus
476 3471 632 3537 laudetur.
665 3472 803 3537 sienim
837 3490 949 3538 sensus
985 3478 1095 3539 auctor
1123 3476 1173 3539 est
1198 3473 1324 3540 litteras
1352 3479 1384 3541 et

155 3604 157 3609 ·
247 3576 343 3642 uerba
365 3580 492 3662 propter
514 3596 564 3643 res
592 3577 813 3662 significandas
841 3578 970 3644 iuueutu
997 3582 1081 3656 suut,
1111 3598 1167 3645 cur
1193 3599 1253 3645 uon
1281 3581 1384 3665 magis

246 3702 296 3748 res
328 3682 415 3766 ipsae
446 3701 525 3766 puro
557 3702 653 3748 seusu
685 3682 874 3765 promendae
906 3687 991 3760 suut,
1026 3687 1063 3749 ut
1088 3684 1216 3750 facilius
1244 3690 1383 3752 mentem

247 3787 378 3854 incitent
399 3786 615 3854 adsalutem?
634 3788 767 3872 ideoque
785 3788 959 3873 piscatores
978 3789 1076 3873 elegit
1094 3788 1239 3854 dominus
1258 3794 1385 3856 nostros

246 3893 417 3976 apostolos,
443 3893 586 3958 homiues
614 3894 775 3977 simplices
798 3897 831 3959 et
854 3895 921 3959 siue
944 3894 1070 3971 litteris,
1099 3895 1155 3977 qui
1181 3896 1249 3960 siue
1276 3896 1385 3978 alique
1401 3920 1422 3963 s

248 3998 388 4064 uersutia
410 3998 504 4063 tidem
524 3999 678 4066 seruando
698 4002 730 4065 et
747 3999 827 4066 bene
850 3999 986 4065 uiuendo
1011 3999 1060 4066 (lei
1079 4000 1110 4065 in
1130 4018 1165 4066 se
1184 3998 1386 4065 ostenderent

248 4103 423 4169 uemtetem.
442 4104 524 4170 uude
543 4110 576 4170 et
593 4104 757 4188 apostolus
772 4104 906 4170 Peulus:
926 4107 964 4169 et
982 4123 1054 4189 ego
1073 4105 1251 4182 ueniens,
1271 4104 1385 4188 iuquit,

337 4292 518 4348 2ol.lCor.
538 4294 562 4359 1,
581 4294 625 4347 20.
643 4295 669 4354 3,
690 4295 722 4346 19
790 4292 955 4348 'lcillom
976 4293 1052 4360 lec
1118 4290 1332 4362 loclesse,
1353 4294 1385 4349 14

249 4380 498 4447 cleemporus,
518 4381 560 4436 18.
582 4381 621 4435 19.
641 4380 723 4435 llere.
744 4381 825 4448 1,16.
847 4381 879 4434 li
964 4381 1052 4442 25ci.
1071 4381 1176 4450 Aeso,
1196 4381 1229 4436 18
1319 4382 1387 4435 271

251 4468 311 4521 Cor.
330 4469 389 4536 c,1

157 4597 217 4664 ‹1qu
227 4597 253 4649 P
290 4590 387 4644 lsunt
404 4606 456 4644 om.
475 4591 504 4644 Ν
569 4591 772 4661 tdoo]edeo
793 4590 848 4645 ΟΔ
936 4591 991 4661 luis]
1010 4590 1128 4647 hicFB
1207 4592 1386 4661 9strepitum

250 4678 342 4744 (corr.)
359 4677 392 4730 N
468 4681 499 4733 14
518 4678 595 4732 lrsds
613 4679 693 4748 (corr.
712 4677 815 4740 lrsuds,
835 4695 852 4731 ιι
870 4696 891 4732 e.
911 4679 942 4746 1.)
960 4678 997 4732 Μ
1066 4680 1099 4733 17
1118 4680 1211 4749 quem]
1231 4694 1310 4748 quoru
1331 4677 1387 4732 ΟΔ

254 4767 286 4818 19
305 4765 436 4835 quirem]
455 4782 534 4835 quem
555 4768 582 4819 Χ
671 4767 705 4819 23
724 4765 831 4820 lucilius
853 4766 895 4835 (lu
913 4767 943 4820 ιἰι
960 4771 1030 4833 rus.)
1048 4766 1081 4819 N
1167 4767 1202 4820 24
1220 4769 1313 4820 noster
1333 4765 1388 4822 θΔ

251 4855 286 4906 ’25
304 4854 442 4923 spostolus
460 4854 552 4921 (corr.)
574 4856 597 4906 ('
702 4852 851 4925 simplices]
872 4853 1008 4925 principes
1027 4854 1065 4910 Μ
1168 4854 1225 4908 siue
1243 4855 1300 4923 psal
1323 4870 1388 4910 seue

253 4941 389 5007 (coeris)
457 4943 515 4996 sine
534 4944 596 5012 alti
617 4942 731 4996 sinel!
790 4943 826 4996 26
845 4946 941 4997 elom.
961 4942 996 4996 Μ
1061 4943 1094 4996 2ῖ
1113 4940 1333 5013 iuquiterluos]
1353 4942 1389 4998 ed

253 5046 301 5083 uos
319 5030 409 5100 inquit
428 5031 457 5082 X
