3275 6434
456 1470 587 1538 428
986 1468 1327 1541 Appendix
1372 1468 1838 1540 quaestionum
1883 1472 2013 1524 net.
2047 1472 2204 1524 test.

460 1665 657 1729 certe:
706 1680 833 1729 cor
877 1662 1292 1730 contritum
1337 1665 1413 1728 et
1453 1660 1937 1729 humiliatum
1986 1661 2171 1729 deus
2217 1682 2361 1730 non
2421 1664 2736 1748 spernit.

457 1767 734 1852 primum
781 1785 929 1853 ergo
977 1767 1398 1835 confitendum
1446 1767 1751 1835 delictum
1797 1768 2065 1847 monuit,
2115 1766 2340 1835 deinde
2388 1787 2519 1853 quo
2556 1768 2738 1837 modo

460 1873 706 1959 ignosci
751 1873 958 1959 possit
1015 1872 1309 1940 ostendit.
1364 1893 1506 1940 nam
1554 1892 1898 1958 numquam
1943 1891 2056 1959 pro
2109 1872 2448 1940 manifesto
2511 1873 2737 1941 delicto

463 1978 839 2046 sacrificium
883 1977 1229 2055 mandauit,
1275 1977 1387 2045 sed
1422 1997 1536 2062 pro
1572 1978 1901 2065 ignoratis,
1938 1978 2089 2063 quia
2124 1978 2313 2044 etiam
2352 1998 2500 2045 cum
2544 1980 2740 2046 nescit

464 2083 652 2150 homo
699 2087 921 2169 peccat
965 2088 1048 2162 et,
1095 2100 1240 2149 cum
1285 2101 1354 2150 se
1399 2087 1586 2168 putat
1628 2088 1801 2151 recte
1837 2102 2045 2170 agere,
2081 2082 2428 2151 intentione
2469 2082 2740 2168 quadam
2789 2103 2812 2148 ι

465 2189 797 2273 delinquit.
841 2188 968 2255 tale
1023 2192 1355 2274 peccatum
1411 2187 1569 2254 dixit
1620 2206 1732 2273 per
1785 2188 2162 2255 sacrificium
2218 2208 2408 2274 posse
2462 2188 2739 2276 purgari.

213 2388 319 2442 net.
342 2384 431 2455 18)
465 2378 780 2445 XLvlm.
819 2377 986 2446 01]ss
1016 2376 1412 2445 SALOMON
1443 2376 1846 2446 SPIRITUM
1875 2379 2371 2447 SAPIENTIAE
2399 2380 2742 2457 ΗΔΒΠΙΤ,

468 2483 650 2552 CUM
713 2483 984 2551 ΠῙΤΔΜ
1046 2482 1425 2551 ΜΠΝΟΔΜ
1486 2482 1665 2551 NON
1735 2484 2099 2552 HABUI'I'?
2173 2485 2457 2552 UALDF.
2535 2485 2743 2552 Emi!

465 2587 984 2656 MULIERIBUS
1021 2588 1684 2658 DELEOTABATUR
1723 2591 1833 2657 Ac
1883 2589 2045 2656 PEB
2081 2589 2251 2658 Hoc
2286 2589 2745 2657 PEOOABAT.

557 2730 841 2797 Primum
878 2730 1104 2798 merito
1141 2749 1258 2797 suo
1295 2730 1541 2814 accepit
1574 2730 1872 2814 spiritum
1906 2730 2295 2815 prudentiae,
2332 2735 2563 2816 postea
2599 2750 2744 2797 uero
2775 2753 2820 2795 ιο

472 2856 660 2922 quam
718 2836 1090 2903 mulieribus
1147 2836 1412 2902 nimium
1469 2836 1680 2920 coepit
1731 2836 1827 2901 uti
1892 2840 1958 2902 et
2007 2855 2122 2920 per
2173 2837 2292 2903 hoc
2346 2855 2635 2921 peccare,
2691 2838 2742 2903 si

470 2942 698 3009 habuit
730 2942 1024 3027 spiritum
1060 2941 1424 3025 sapientiae,
1461 2942 1636 3026 regni
1674 2943 1899 3009 merito
1937 2941 2180 3019 habuit,
2226 2942 2397 3007 sicut
2433 2947 2505 3007 et
2542 2941 2745 3009 Nabu-

475 3047 867 3113 chodonosor
911 3047 1134 3113 merito
1180 3047 1357 3131 regni
1404 3046 1467 3111 in
1515 3047 1761 3112 camino
1809 3045 2133 3112 Christum
2179 3046 2367 3111 uidit.

218 3249 368 3304 mixt.
386 3248 441 3315 8)
478 3236 546 3301 L.
573 3237 664 3302 IN
694 3235 974 3302 TOBIA:
1013 3235 1352 3313 ‘OPERA3
1390 3234 1705 3315 INQU1T‚
1734 3236 1896 3300 ‘DEI
1934 3238 2372 3304 REUELABE
2412 3239 2520 3303 ΕΤ
2561 3237 2745 3305 CON-

477 3342 755 3408 FITERI
801 3340 1392 3408 HONORIFICUM
1437 3340 1638 3414 EST’;
1690 3340 2130 3408 SALUATOR
2182 3342 2476 3408 AUTEM
2536 3342 2744 3409 OPUS
2775 3361 2817 3403 η

814 3447 957 3513 DEI
1001 3444 1386 3512 FACIENS:
1434 3445 1749 3524 ‘NULL1’,
1792 3445 1954 3528 ΔΙΤ,
2000 3446 2401 3513 ‘Dlxnmsa

564 3592 703 3658 Non
752 3590 1030 3657 saluator
1073 3608 1262 3672 opera
1297 3588 1399 3655 dei
1436 3590 1637 3655 celare
1675 3588 1898 3655 debere
1936 3588 2093 3654 dixit
2127 3626 2212 3636 —
2250 3608 2394 3654 nam
2423 3589 2554 3655 alio
2581 3590 2745 3656 loco:

479 3696 687 3776 uado,
709 3697 931 3780 inquit,
951 3703 1027 3762 et
1052 3695 2343 3779 narraquantatibifeceritdens—‚
2365 3695 2482 3761 sed
2502 3696 2745 3762 illorum

479 3803 918 3869 testimonium
954 3801 1258 3868 refutauit
1291 3800 1630 3884 aliquando
1670 3806 1736 3868 et
1768 3802 2133 3867 iactantiam
2169 3801 2425 3883 pressit,
2467 3820 2545 3866 ne
2584 3802 2746 3868 uide·

478 3912 671 3987 retur,
721 3908 887 3990 quod
933 3905 1347 3991 prudentibus
1396 3905 1738 3972 absurdum
1785 3910 1903 3984 est,
1950 3908 2086 3989 ipse
2142 3906 2266 3972 sibi
2329 3910 2404 3971 ut
2458 3906 2747 3972 seductor
2771 3924 2812 3964 a>

478 4013 916 4080 testimonium
951 4011 1299 4097 perhibere.

226 4224 333 4277 net.
361 4221 445 4286 10)
482 4205 582 4271 LI.
628 4205 741 4271 UT
779 4204 984 4285 QUID
1023 4200 1565 4271 CIRCUMCISIO
1602 4201 1709 4266 ΕΤ
1744 4201 2230 4270 PRAECEP'I'A
2266 4201 2497 4268 DATA
2534 4200 2746 4268 SUNT

480 4309 831 4389 POPULO‚
890 4308 1111 4389 QUAE
1158 4307 1403 4374 PRIUS
1459 4306 1636 4373 NON
1692 4307 1973 4375 ERANT
2027 4307 2311 4389 NEQUE
2365 4306 2604 4375 NUNC
2662 4306 2743 4373 IN

1053 4413 1635 4481 AUCTORITATE
1671 4413 2173 4481 HABENTUR?

570 4555 983 4624 circumcisio
1030 4556 1281 4643 signum
1329 4558 1429 4620 est
1471 4553 1615 4618 fidei
1660 4553 1968 4631 Abrahae,
2007 4556 2097 4633 ut,
2133 4573 2276 4619 cum
2316 4554 2377 4619 in
2417 4552 2568 4619 filiis
2614 4554 2745 4619 eius
2771 4568 2813 4612 ε

481 4663 601 4728 hoc
647 4663 899 4747 signum
948 4661 1284 4741 uideretur,
1322 4660 1630 4726 scirentur
1667 4660 1803 4724 eius
1843 4658 1956 4724 filii
1995 4675 2155 4737 esse,
2192 4660 2299 4742 qui
2338 4659 2456 4725 deo
2496 4660 2745 4725 credens

482 4770 603 4834 hoc
650 4768 901 4853 signum
952 4771 1304 4849 acceperat3
1354 4770 1687 4850 praecepta
1734 4770 1944 4830 autem
1994 4765 2398 4831 sabbatorum
2458 4774 2523 4830 et
2583 4785 2745 4849 prae·

661 4959 686 5012 1
726 4956 815 5011 1³1.
853 4956 943 5025 50,
982 4957 1049 5011 19
1148 4957 1179 5010 7
1218 4954 1285 5011 cf.
1320 4954 1402 5010 111
1440 4954 1574 5024 Res.
1610 4953 1663 5022 3,
1705 4954 1771 5008 12
1867 4954 1903 5009 9
1940 4954 2010 5011 cf.
2043 4952 2178 5008 ibid.
2219 4954 2303 5021 11,
2343 4952 2484 5008 1-8
2581 4955 2647 5009 12
2682 4952 2743 5009 cl.

479 5045 618 5102 Dan.
656 5045 707 5114 8,
743 5046 816 5102 92
926 5046 991 5099 14
1027 5044 1160 5100 Tob.
1201 5043 1286 5107 12.
1323 5044 1355 5098 7
1467 5043 1534 5099 16
1568 5043 1735 5098 liare.
1774 5043 1823 5111 1,
1857 5045 1930 5099 44
2039 5043 2104 5098 18
2140 5043 2271 5099 Luc.
2308 5042 2360 5109 8,
2396 5042 2469 5099 89
2579 5041 2649 5097 20
2681 5040 2744 5096 ef.

481 5132 609 5190 Luc.
643 5135 696 5200 4,
735 5133 769 5188 6
875 5133 946 5188 25
983 5132 1052 5187 cf.
1088 5130 1223 5188 Gen.
1262 5132 1346 5196 17,
1380 5128 1593 5187 28-27

555 5239 623 5294 18
658 5238 813 5309 regni
850 5238 1043 5292 merito
1068 5253 1107 5292 a
1243 5237 1309 5292 17
1346 5236 1509 5292 celari
1542 5235 1761 5291 mauult
1796 5235 2158 5307 Enjelbrecbt
2293 5237 2361 5292 18
2396 5235 2532 5291 feeit
2566 5233 2668 5289 tibi
2691 5229 2746 5287 K

483 5327 554 5382 20
580 5326 868 5381 absurdum
898 5331 983 5380 ent
1007 5324 1361 5397 prudentibus
1389 5323 1455 5379 K
1518 5323 1589 5379 28
1615 5326 1737 5379 erat
1761 5339 1800 5378 a
1868 5325 1939 5378 24
1965 5323 2197 5378 habetur
2223 5338 2262 5377 a
2331 5323 2401 5377 27
2432 5321 2744 5391 acceperitae
