3275 6434
691 1418 980 1491 mmmm.
1340 1424 1404 1488 nn

269 1630 372 1679 eemm
394 1616 430 1678 et
454 1610 632 1678 similitudo
659 1630 722 1678 nus
750 1616 809 1692 est
838 1631 900 1697 quo
928 1612 1021 1680 molo
1049 1631 1111 1679 uon
1139 1632 1237 1680 nuum
1268 1616 1406 1680 suntet

270 1720 400 1783 ustursl
431 1718 465 1784 in
497 1717 693 1800 spiritalibus
726 1717 810 1784 euim
841 1717 898 1784 ubi
929 1719 1039 1802 ntique
1071 1736 1131 1785 uon
1163 1722 1241 1785 sunt
1271 1718 1403 1804 figures,

268 1822 368 1888 simile
390 1839 452 1889 unu
475 1823 537 1888 enit
558 1821 679 1906 sliquill
700 1822 764 1888 uisi
787 1841 843 1907 per
869 1823 1090 1903 subeuntium,
1118 1827 1156 1889 ut
1182 1824 1238 1890 ubi
1268 1824 1403 1891 (luorum

266 1930 369 2014 imsge
390 1947 456 1996 uns
477 1931 538 2007 est,
561 1946 624 2012 quo
646 1928 741 1995 mode
764 1947 825 1994 neu
849 1947 957 1995 eorum
980 1949 1044 1996 nus
1064 1930 1125 1995 erit
1147 1933 1180 1996 et
1201 1929 1403 1996 snbstsutisl

234 2033 379 2100 eilcireo
413 2033 496 2100 euim
523 2034 694 2120 imsginem
726 2052 836 2100 eorum
868 2039 902 2101 et
932 2034 1173 2102 similitudinem
1204 2054 1300 2102 unsm
1332 2055 1403 2104 esse

265 2139 413 2224 legimus,
434 2143 473 2206 ut
493 2158 591 2206 uuum
615 2158 723 2206 eorum
747 2139 826 2205 nihil
848 2139 972 2207 diserte
1000 2140 1040 2206 nl)
1067 2141 1165 2207 sltem
1192 2140 1402 2225 meteremus,

266 2246 321 2311 lunc
344 2249 408 2324 sst,
426 2263 536 2311 nerum
560 2244 611 2311 (lei
635 2245 736 2311 illium
760 2264 831 2311 esse
855 2245 1028 2324 Christum,
1052 2246 1126 2330 quis
1148 2264 1209 2312 usu
1227 2249 1279 2314 est
1295 2246 1405 2332 disper

266 2355 473 2436 agenersute
495 2350 658 2416 nstinitus.
678 2350 812 2433 (leuique
835 2350 943 2417 Iudaei
972 2350 1202 2436 intellegentes,
1231 2352 1305 2436 quis
1329 2371 1400 2437 prn-

266 2455 367 2538 prium
398 2456 461 2523 sibi
487 2460 609 2540 petrem
642 2455 768 2521 dinebst
799 2456 903 2536 deum,
936 2457 1047 2523 (linunt
1077 2456 1117 2523 ud
1148 2457 1304 2524 Pilatum:
1331 2475 1403 2525 nus

234 2563 392 2645 nlegem
421 2561 626 2640 hebemus,
659 2564 698 2625 et
729 2560 950 2628 seeundum
977 2563 1108 2649 legem
1141 2561 1259 2629 debet
1290 2565 1403 2645 meri,

267 2666 512 2748 quintilium
531 2666 594 2732 dei
614 2685 654 2732 se
673 2666 786 2733 lecit.
803 2666 913 2733 Iudeei
930 2667 1158 2748 intellexeruut,
1176 2669 1209 2734 et
1227 2666 1402 2735 christisui

267 2792 296 2837 se
323 2772 437 2838 dieunt
463 2791 523 2837 nou
549 2772 755 2857 intellegere?
783 2773 840 2856 qui
867 2791 928 2838 unu
959 2772 1137 2854 crelebsut,
1159 2773 1401 2858 iutellsgsbuuls

267 2878 367 2962 etqui
386 2897 422 2944 se
441 2878 551 2944 dieunt
569 2877 704 2955 eredere,
723 2879 845 2946 iaciunt
862 2898 900 2945 ue
917 2878 1125 2964 intellegenti
1143 2878 1195 2944 uel
1213 2877 1274 2945 hos
1292 2878 1401 2947 sellim

267 2983 475 3063 admitterent,
490 2984 574 3068 qnod
592 2985 715 3068 prelets
728 2984 850 3062 Eseiss,
868 2989 906 3050 nt
920 2983 1081 3051 Christum
1095 3003 1156 3051 uon
1175 3003 1194 3050 s
1212 2986 1314 3050 semet
1330 2983 1402 3068 ipse

239 3088 401 3172 nunidem,
424 3088 481 3155 sed
505 3088 543 3154 ‹le
566 3087 624 3155 deo
648 3088 744 3155 deum
767 3108 839 3156 esse
867 3088 1071 3175 signiticaret,
1098 3090 1182 3156 iuter
1208 3093 1314 3157 estere
1340 3089 1400 3157 sits

267 3197 416 3276 postte
441 3198 668 3279 sequentur
695 3186 864 3280 elligsti
891 3195 1076 3262 uiuenlie
1104 3197 1144 3260 et
1171 3194 1404 3261 sdershust

267 3308 300 3365 te
321 3304 362 3366 et
384 3300 422 3366 iu
445 3304 485 3366 te
508 3299 848 3384 depromuntur,
876 3300 1067 3382 quonism
1088 3300 1127 3366 iu
1151 3307 1190 3366 ts
1213 3303 1279 3366 est
1299 3298 1400 3366 ‹leus

268 3411 302 3472 et
322 3426 396 3472 nen
420 3409 484 3473 sst
506 3406 604 3472 (lens
626 3407 789 3489 prseter
811 3409 860 3472 te.
883 3410 926 3471 tu
948 3407 1054 3472 enim
1077 3422 1118 3471 es
1146 3405 1254 3488 (leus,
1277 3408 1319 3472 et
1340 3423 1399 3472 se·

268 3513 503 3591 seiebsmus,
526 3511 624 3577 deus
647 3510 807 3577 lsreluel
830 3512 1025 3578 ssiuster.

235 3644 255 3686 n
306 3619 335 3684 6.
362 3615 525 3697 Quantum
553 3615 594 3682 sl
625 3616 740 3683 bouem
771 3619 912 3682 mentem
944 3617 1090 3701 pertinet
1122 3617 1200 3684 lsse
1229 3616 1400 3686 msuilests

267 3730 343 3790 eunt
366 3723 418 3789 lsis
440 3722 524 3788 enim
547 3725 581 3785 et
602 3725 693 3804 peter
718 3721 750 3786 iu
777 3721 844 3787 illio
872 3741 943 3788 esse
969 3722 1121 3806 probetur
1146 3725 1180 3788 et
1205 3721 1291 3789 lilius
1318 3721 1398 3788 deus

266 3828 401 3896 eiusdem
425 3826 630 3907 subeuntia,
654 3830 828 3910 queuntes
853 3831 912 3908 est,
935 3826 1139 3913 signitiestur.
1165 3827 1198 3894 iu
1225 3846 1288 3912 qun
1314 3827 1398 3894 ssim

266 3934 338 4000 leus
370 3937 421 4001 est
449 3937 483 4000 et
509 3936 633 4018 prester
661 3933 768 4017 ipsum
796 3934 875 4000 dens
902 3952 964 4000 uon
991 3938 1042 4000 est
1071 3937 1106 4001 et
1134 3933 1204 4018 ipss
1231 3933 1310 3999 deus
1336 3936 1397 4016 est,

266 4038 336 4122 quid
358 4038 445 4106 eliud
467 4039 586 4123 poterit
603 4056 674 4104 esee
694 4038 768 4117 (liei,
787 4058 882 4123 quem
900 4039 960 4105 lune
979 4039 1063 4125 quel
1082 4043 1132 4105 est
1148 4042 1239 4122 peter
1255 4037 1346 4116 (leus,
1365 4041 1400 4104 et

231 4163 316 4213 sues
338 4143 461 4210 (lilium
484 4144 515 4210 iu
540 4145 669 4228 aliquo?
693 4145 753 4211 hee
776 4149 828 4211 est
849 4145 930 4211 euim
955 4143 1018 4210 luo
1041 4162 1113 4211 esse
1139 4163 1248 4212 uuum.
1270 4143 1303 4209 iu
1325 4143 1396 4227 ipse

265 4251 341 4317 euim
364 4250 443 4317 ‹lsus
466 4253 526 4328 est,
550 4250 626 4336 quis
643 4250 791 4335 qnnmnis
813 4249 893 4317 dene
916 4251 968 4330 sit,
990 4269 1051 4318 nou
1074 4254 1181 4317 temen
1204 4268 1241 4316 ex
1263 4267 1298 4316 ss
1316 4250 1396 4317 deus

345 4539 1196 4612 mmsmemmumfflmmm

205 4742 228 4796 ’θ
291 4754 491 4809 laneum
511 4752 565 4809 ΟΛ
641 4750 875 4807 lenimen]
948 4748 1162 4805 lussomll
1232 4747 1396 4807 usurus

260 4841 383 4898 tensum
400 4857 483 4897 uuum
503 4840 587 4897 ONX
656 4839 762 4896 listerus
778 4839 814 4894 Μ
829 4840 930 4907 (sum),
948 4836 979 4892 F
993 4836 1107 4893 lesan
1126 4837 1150 4892 0
1209 4836 1243 4891 1⁰
1260 4834 1345 4892 lebet
1360 4835 1399 4893 1

262 4931 291 4986 lt
307 4929 412 4987 seme
428 4929 521 5002 (sun.)
538 4930 576 4985 Μ
657 4929 709 4984 stt.
727 4928 847 4996 intelle-l
864 4925 930 4982 lese
947 4925 1002 4995 des.
1023 4924 1051 4981 G
1065 4941 1151 4994 sense
1169 4923 1210 4979 sd
1221 4941 1253 4993 p.
1271 4925 1336 4991 188,
1353 4926 1395 4979 26

264 5018 292 5074 lt
308 5005 426 5074 sslstsss
447 5017 472 5072 0
536 5019 570 5072 14
587 5015 704 5088 ...ques
721 5014 754 5070 N
825 5017 858 5070 15
876 5014 1030 5084 signius-ee
1047 5011 1103 5068 FB
1171 5011 1204 5066 lt
1221 5009 1398 5067 uis-eslist'

262 5103 292 5160 ln
312 5104 456 5160 manifeste
477 5106 571 5172 (eun.)
594 5102 619 5157 0
710 5101 744 5157 21
768 5100 824 5157 lulis
846 5101 901 5155 FB
1006 5100 1035 5156 ln
1058 5114 1110 5154 oss.
1128 5098 1184 5155 FB
1271 5097 1307 5157 28
1329 5097 1394 5168 qul

263 5193 322 5262 quis
336 5191 376 5257 ll,
393 5192 487 5262 (esur.)
504 5192 531 5246 A
601 5191 637 5245 24
655 5206 714 5246 esse
731 5204 803 5245 erus.
822 5187 889 5243 ΜΝ
956 5189 992 5243 25
1010 5189 1038 5242 in
1053 5182 1110 5259 ῥη]
1128 5185 1164 5242 sb
1181 5185 1216 5241 N
1272 5184 1310 5241 lt
1326 5183 1395 5243 ssu

264 5279 329 5334 euius
348 5278 373 5335 0
572 5274 577 5279 ’
