3275 6434
675 1484 757 1548 14
1455 1478 1656 1534 Liber
1691 1480 2154 1550 quaestionum

669 1674 984 1741 libertatis
1032 1674 1289 1741 arbitrio
1330 1673 1596 1742 dimissa
1631 1678 1785 1752 sunt
1820 1711 1904 1722 —
1944 1673 2095 1758 quia
2138 1693 2260 1740 nou
2306 1677 2437 1740 tam
2476 1674 2756 1760 perfecta
2798 1677 2952 1739 sunt

669 1783 747 1845 ut
780 1779 908 1846 labi
947 1798 1068 1846 non
1094 1779 1365 1865 possint,
1394 1780 1638 1847 semina
1674 1779 1775 1846 bis
1810 1779 1976 1866 legis
2012 1779 2220 1847 inesse
2257 1779 2543 1847 decreuit
2574 1779 2950 1846 naturaliter

670 1884 906 1951 addens
934 1885 1237 1951 auxilium
1273 1885 1710 1952 manifestatae
1745 1884 1931 1971 legis,
1960 1888 2037 1950 ut
2070 1886 2411 1952 auctoritas
2447 1885 2586 1952 eius
2620 1885 2945 1970 profectus

670 1994 844 2057 esset
867 1991 1230 2059 bominibus
1259 2015 1377 2068 —3
1406 1991 1763 2058 misericors
1792 2010 1965 2070 uero,
2000 1991 2149 2077 quia
2172 1991 2584 2077 peccantibus
2611 2010 2732 2058 non
2757 1990 2945 2058 facile

666 2097 897 2175 reddit,
943 2097 1055 2164 sed
1102 2097 1378 2164 sustinet
1421 2100 1496 2163 ut
1540 2096 1863 2164 conuersis
1916 2097 2223 2182 ignoscat.
2269 2100 2370 2164 est
2420 2100 2489 2163 et
2530 2115 2813 2175 seuerus,
2869 2100 2945 2161 ut
3005 2119 3034 2165 s

665 2205 901 2269 terrore
948 2221 1109 2288 quae
1154 2203 1233 2269 ab
1281 2220 1355 2268 eo
1400 2202 1562 2268 bene
1610 2202 1862 2268 condita
1906 2207 2059 2269 sunt
2100 2207 2572 2283 conseruentur,
2614 2217 2697 2269 ne
2733 2202 2942 2288 negle-

667 2308 882 2394 gentia
922 2310 1172 2391 pareret
1216 2308 1388 2374 uitae
1431 2307 1899 2392 praecipitium,
1955 2311 2039 2386 et,
2084 2325 2163 2373 ne
2215 2306 2386 2392 quod
2438 2307 2797 2374 mirabilius
2843 2312 2950 2374 est

664 2413 1181 2497 praetermittam,
1226 2417 1406 2479 tanta
1449 2417 1546 2478 est
1582 2412 1722 2485 eius
1760 2413 2114 2491 clementia,
2150 2416 2226 2478 ut
2259 2412 2676 2479 contumelias
2710 2430 2946 2496 passus

664 2518 743 2583 ab
789 2518 891 2585 bis
941 2537 1100 2602 quos
1146 2517 1302 2585 fecit
1344 2517 1603 2584 sufferat
1647 2522 1715 2584 et
1756 2517 1927 2600 prior
1968 2520 2159 2583 uocet
2201 2536 2310 2584 eos
2356 2517 2436 2583 ad
2476 2535 2722 2600 pacem.
2761 2536 2945 2583 num·

666 2623 817 2706 quid
861 2641 984 2689 non
1021 2622 1277 2689 maioris
1306 2623 1570 2689 uirtutis
1606 2623 1727 2689 boc
1764 2626 1884 2701 est,
1922 2642 2113 2706 quam
2149 2622 2508 2690 condidisse
2543 2625 2944 2689 creaturam?
2978 2643 3031 2687 ιο

663 2728 726 2794 in
784 2747 909 2812 quo
965 2728 1022 2794 si
1074 2732 1488 2813 permaneret,
1532 2728 1732 2794 nimia
1790 2728 2040 2795 bonitas
2095 2728 2233 2795 eius
2287 2728 2544 2795 obesset
2592 2732 2943 2795 creaturae.

664 2833 829 2899 unde
874 2833 1210 2918 aliquando
1257 2834 1460 2919 diligi,
1510 2835 1847 2918 aliquando
1893 2834 2105 2901 timeri
2149 2854 2219 2901 se
2263 2834 2427 2911 uult,
2463 2854 2542 2901 ne
2577 2835 2944 2901 aberrantes

662 2937 740 3003 ab
789 2955 863 3003 eo
911 2937 1264 3020 depereant.
1312 2937 1458 3003 binc
1504 2941 1605 3004 est
1649 2939 1835 3017 unde,
1881 2956 1959 3004 ne
2003 2938 2308 3023 patientia
2351 2938 2491 3005 eius
2534 2956 2658 3004 uon
2712 2937 2941 3023 utique

663 3042 741 3109 ad
788 3042 1086 3110 damnum
1128 3044 1353 3127 ipsius,
1393 3043 1505 3109 sed
1540 3043 1619 3110 ad
1655 3047 1943 3111 nostrum
1979 3044 2231 3111 omnino
2268 3045 2723 3113 contemnenda
2755 3048 2939 3129 puta·

661 3151 855 3227 retur,
903 3149 1016 3214 ait:
1068 3149 1321 3224 tacui;
1368 3149 1754 3233 numquid
1802 3167 2115 3233 semper
2159 3152 2488 3218 tacebo?
2968 3170 3019 3216 ιε

751 3257 813 3321 3.
877 3254 1104 3337 Itaque
1168 3254 1324 3320 deus
1379 3254 1583 3320 bonus
1639 3255 1851 3320 omnia
1906 3274 2068 3338 quae
2119 3257 2278 3325 fecit
2326 3256 2491 3322 bona
2543 3260 2713 3324 sunt.
2769 3256 2936 3323 unde

661 3379 808 3444 ergo
867 3360 1148 3425 malum?
1203 3360 1361 3424 nihil
1416 3363 1518 3426 est
1565 3361 1806 3425 malum
1872 3361 1996 3425 nisi
2047 3361 2500 3444 praeuaricatio
2554 3362 2725 3441 boni,
2780 3361 2933 3426 dum

656 3465 1025 3531 inconcessa
1093 3470 1587 3549 praesumuntur
1659 3469 1771 3531 aut
1847 3484 2148 3532 concessa
2210 3466 2560 3533 inordinate
2613 3465 2797 3545 fiunt,
2860 3470 2936 3531 ut

658 3570 811 3636 alibi
856 3569 1224 3636 mandatum
1270 3571 1422 3635 alibi
1469 3571 1606 3636 fiat:
1670 3571 1917 3654 quando
1964 3571 2135 3656 quod
2187 3571 2251 3637 in
2313 3590 2503 3638 uxore
2558 3590 2933 3639 concessum

658 3679 760 3740 est
810 3675 884 3739 fit
937 3676 1002 3740 in
1057 3677 1410 3752 meretrice3
1486 3680 1552 3740 et
1615 3676 1786 3759 quod
1849 3677 1965 3742 deo
2032 3677 2411 3743 offerendum
2477 3681 2614 3743 erat
2675 3676 2935 3744 offertur
2962 3695 3012 3740 so

657 3780 937 3856 diabolo;
986 3783 1051 3845 et
1096 3798 1240 3846 cum
1289 3781 1433 3864 quis
1481 3800 1602 3846 non
1650 3781 1823 3847 tollit
1869 3801 2079 3859 suum,
2136 3782 2250 3848 sed
2304 3783 2606 3859 alienumz
2662 3786 2733 3848 et
2784 3801 2932 3849 cum

655 3884 1215 3968 praeuaricatorem
1271 3885 1473 3950 occidi
1528 3884 1740 3964 liceat,
1795 3885 2106 3951 occiditur
2155 3887 2470 3953 innocens.
2516 3884 2692 3952 nulla
2732 3884 2936 3972 igitur

655 3991 879 4055 natura
921 3989 1223 4072 probatur
1266 3992 1526 4056 malum.
1574 3992 1874 4058 uoluntas
1921 3995 2131 4057 autem
2179 3995 2280 4057 est
2324 3991 2615 4057 accidens
2667 3995 2932 4058 naturae

656 4098 958 4177 concepta
1001 4112 1073 4160 ex
1119 4095 1353 4172 causis,
1401 4114 1560 4179 quae
1606 4097 1772 4162 male
1817 4101 2131 4176 mouetur,
2177 4097 2329 4162 dum
2367 4097 2613 4163 excedit
2647 4096 2930 4177 modum,

655 4203 730 4265 ut
771 4200 885 4265 illa
931 4205 1110 4284 gerat
1154 4219 1314 4284 quae
1362 4206 1618 4267 naturae
1668 4221 1819 4268 suae
1865 4221 1985 4268 non
2034 4205 2199 4268 sunt.
2239 4220 2466 4267 causae
2501 4206 2719 4268 autem
2755 4221 2931 4285 prae-
2962 4223 3015 4268 ss

654 4303 1059 4368 uaricationis
1089 4305 1375 4370 oriuntur
1411 4324 1484 4370 ex
1523 4305 1837 4384 sensibus,
1876 4306 2122 4389 quando
2159 4306 2399 4389 aliquid
2437 4309 2600 4372 male
2635 4305 2931 4372 uidemus

654 4412 766 4475 aut
811 4408 1122 4475 audimus.
1168 4427 1355 4493 quem
1394 4429 1665 4476 errorem
1702 4411 1857 4476 haec
1903 4430 2003 4477 res
2040 4411 2216 4489 facit,
2254 4412 2402 4495 quia
2435 4411 2626 4477 homo
2662 4430 2786 4477 non
2831 4415 2932 4477 est

654 4513 833 4592 deus,
880 4515 989 4597 qui
1036 4515 1212 4580 solus
1258 4534 1459 4581 errare
1504 4534 1623 4581 non
1674 4518 1905 4599 potest.

833 4738 897 4791 15
935 4737 1080 4792 Em.
1119 4740 1207 4806 42,
1247 4740 1314 4792 14

725 4877 749 4929 1
783 4881 909 4930 sunt
927 4894 1016 4945 pr.
1047 4894 1150 4932 om.
1178 4877 1420 4933 MONX
1504 4881 1538 4934 2
1565 4883 1791 4949 possunt
1825 4879 1966 4943 le,
1998 4879 2058 4934 F
2077 4886 2301 4951 possent
2330 4882 2468 4937 Gml
2572 4884 2782 4938 semina
2814 4883 2924 4954 bis]

650 4963 937 5017 seminabis
985 4964 1056 5017 M
1250 4967 1285 5019 3
1332 4965 1602 5035 perfectus
1649 4966 1710 5021 F
1749 4966 1992 5036 perfecta
2037 4968 2100 5022 X
2281 4968 2315 5023 8
2363 4970 2652 5025 clementia
2694 4970 2813 5026 eius
2857 4971 2933 5025 Π

649 5052 1024 5122 contumelias]
1065 5052 1195 5122 quid
1231 5055 1306 5108 sit
1341 5054 1473 5109 add.
1507 5055 1581 5110 Μ
1706 5055 1774 5110 10
1810 5055 2111 5111 condidisse
2148 5073 2206 5111 ae
2244 5061 2324 5124 (ae
2360 5059 2525 5126 σω.)
2565 5057 2616 5113 0
2739 5059 2805 5115 17
2842 5062 2927 5114 est

646 5138 864 5210 malum]
902 5140 1102 5193 malum
1140 5145 1225 5194 est
1264 5140 1370 5195 ΟΔ
1542 5142 1609 5197 18
1649 5140 1989 5196 inordinatae
2032 5142 2137 5198 CF
2295 5142 2367 5197 22
2401 5146 2806 5215 praeuaricator
2841 5150 2925 5201 est

647 5225 824 5281 MFA
966 5228 1134 5297 igitur
1171 5245 1271 5284 om.
1311 5229 1371 5282 Χ
1502 5231 1570 5285 23
1609 5227 1869 5284 accedens
1906 5230 2027 5284 NX
2165 5231 2235 5287 24
2270 5232 2413 5287 mala
2454 5232 2503 5287 0
2639 5237 2926 5290 mouentur

647 5313 795 5368 Bms
939 5314 1137 5370 excidit
1177 5317 1320 5385 le,
1356 5316 1478 5372 NF
