3275 6434
430 665 966 1066 -
2369 1010 2379 1018 u

1381 1458 1530 1532 Cap.
1564 1459 1980 1518 Lxu-vat
2679 1464 2811 1529 459

525 1657 718 1723 LXV.
745 1655 953 1737 QUID
982 1655 1137 1722 EST
1164 1653 1398 1735 QUOD
1427 1655 1657 1722 DICIT
1675 1654 2194 1724 APOSTOLUS:
2215 1654 2476 1722 ‘NEMO
2495 1653 2813 1722 POTEST

528 1761 836 1828 DICERE
882 1759 1297 1827 DOMINUM
1341 1760 1605 1827 IESUM
1658 1761 1832 1828 NISI
1886 1761 1978 1828 IN
2035 1761 2365 1829 SPIRITU
2421 1759 2814 1829 SANCTO’?

526 1866 759 1935 ERGO
799 1866 1185 1944 FOTINUS,
1215 1864 1363 1946 QUI
1400 1865 1685 1933 NEGAT
1724 1866 2160 1934 CHRISTUM
2194 1867 2459 1946 DEUM,
2498 1866 2815 1935 POTEST

523 1972 943 2040 DOMINUM
1015 1970 1425 2039 NOSTRUM
1496 1970 1763 2040 IESUM
1827 1971 2264 2040 CHRISTUM
2326 1971 2419 2039 IN
2482 1972 2813 2040 SPIRlTU

448 2098 484 2142 s
528 2076 858 2146 SANCTO
925 2078 1272 2145 FATER1?
1326 2076 1430 2143 ET
1485 2076 1873 2145 MARCION
1929 2078 2034 2143 ET
2087 2076 2610 2155 MANIOREU&
2666 2077 2816 2159 QUI

522 2181 878 2250 NEGANT
917 2181 1352 2251 CHRISTUM
1386 2181 1480 2248 IN
1517 2181 1795 2249 CARNE
1832 2181 2209 2260 UENISSE,
2237 2183 2335 2250 HI
2358 2183 2452 2250 IN
2481 2182 2816 2252 SPIRITU

528 2286 859 2356 SANCTO
881 2287 1208 2355 POSSUN
1212 2288 1263 2353 T
1281 2287 1590 2355 DICERE
1611 2286 2023 2355 DOMINUM
2052 2288 2317 2355 IESUM
2336 2288 2817 2358 CHRISTUM?

527 2395 692 2461 UEL
728 2392 1261 2462 MERETRICES
1298 2393 1403 2459 ET
1432 2391 1757 2469 SPURCI,
1797 2393 1979 2461 CUM
2017 2393 2399 2462 SPIRITUS
2437 2394 2815 2464 SANCTUS

525 2499 713 2567 NON
750 2498 1122 2567 HABITET
1161 2498 1254 2566 IN
1294 2497 1679 2566 CORPORE
1717 2499 2084 2568 SUBDITO
2121 2499 2524 2568 PECCATIS
2571 2501 2682 2566 ET·
2722 2500 2815 2568 IN

429 2627 487 2674 ιο
655 2603 1173 2673 MALIUOLAM
1215 2604 1567 2672 ANIMAM
1610 2603 1787 2672 NON
1835 2605 2146 2672 INTRET
2194 2604 2683 2673 SAPIENTIA?

618 2729 871 2796 Ueritas
925 2749 1048 2795 non
1103 2749 1177 2795 ex
1229 2747 1498 2814 persona
1560 2729 1866 2812 probatur
1917 2748 2121 2812 neque
2182 2730 2585 2814 inprobatur;
2643 2730 2819 2813 quic·

525 2835 681 2919 quid
727 2835 893 2901 enim
940 2835 1100 2902 bene
1145 2840 1212 2901 et
1255 2854 1479 2901 uerum
1527 2834 1779 2914 dicitur,
1826 2835 1961 2902 sine
1998 2836 2192 2902 dubio
2228 2837 2293 2901 in
2332 2836 2563 2920 spiritu
2599 2841 2816 2903 sancto

526 2941 779 3007 dicitur.
824 2961 947 3007 non
987 2961 1158 3028 ergo,
1197 2941 1254 3007 si
1291 2940 1435 3025 quis
1471 2941 1535 3006 in
1573 2941 1721 3007 aliis
1758 2961 1905 3008 reus
1943 2946 2063 3018 est,
2101 2949 2168 3007 et
2201 2942 2267 3007 in
2303 2942 2425 3008 hoc
2472 2942 2819 3027 praescribi

525 3046 627 3112 illi
673 3047 882 3126 debet,
929 3047 1103 3131 quod
1148 3052 1371 3113 uerum
1416 3047 1721 3130 loquitur.
1767 3067 1881 3114 nec
1926 3047 2024 3113 illi
2080 3052 2291 3114 tamen
2346 3049 2819 3132 praescribitur,

429 3176 493 3221 ιο
530 3154 646 3220 sed
683 3154 939 3221 Christo
976 3154 1234 3221 domino
1272 3153 1747 3221 contradicitur.
1788 3156 1899 3239 qui
1935 3156 2105 3221 enim
2140 3160 2334 3241 negat
2365 3155 2569 3221 istum
2597 3174 2818 3222 uerum

530 3260 762 3338 dicere,
802 3261 1058 3329 Christo
1095 3260 1388 3326 iniuriam
1427 3261 1600 3327 facit.
1639 3261 1697 3327 si
1735 3267 1950 3327 autem
1986 3281 2213 3328 uerum
2252 3262 2484 3328 dicitur
2527 3268 2818 3347 negetur·

531 3385 654 3449 quc
700 3366 872 3450 quod
915 3386 1143 3432 uerum
1189 3373 1290 3433 est
1333 3367 1399 3432 in
1448 3371 1671 3434 sancto
1719 3368 1950 3452 spiritu
1998 3368 2147 3448 dici,
2195 3368 2365 3453 quod
2412 3373 2479 3434 et
2522 3367 2817 3435 Christus

530 3472 816 3538 admittit
859 3510 947 3523 —
991 3492 1176 3539 nemo
1223 3473 1391 3538 enim
1436 3473 1744 3539 bonorum
1792 3493 1942 3540 uera
1986 3473 2064 3539 de
2111 3493 2182 3540 se
2227 3472 2541 3540 dicentem
2579 3474 2815 3558 arguitz

528 3598 644 3652 nec
692 3580 859 3644 enim
904 3599 978 3645 ex
1023 3579 1413 3645 reuelatione
1459 3579 1788 3656 ediscitur,
1836 3580 2002 3663 quod
2040 3599 2153 3664 per
2187 3580 2593 3647 traditionem
2632 3581 2818 3647 disci-

433 3703 498 3748 ao
531 3688 639 3749 tur
672 3721 780 3761 -,
827 3704 1011 3751 nemo
1056 3704 1281 3750 uerum
1332 3683 1546 3751 dicens
1593 3686 1830 3768 poterit
1872 3685 2212 3769 inprobari.

429 3889 441 3943 μ
535 3861 756 3926 LXVI.
804 3860 882 3927 SI
926 3859 1042 3927 ‘IN
1088 3860 1305 3927 LEGE
1352 3858 1592 3926 NEMO
1632 3859 2231 3929 IUSTIFICATUR
2264 3860 2494 3928 APUD
2533 3861 2819 3940 DEUM',

536 3965 820 4046 QUARE
859 3965 1284 4033 SCRIPTUM
1312 3965 1494 4033 EST:
1526 3965 2086 4033 ‘MALEDICTUS
2126 3965 2419 4047 OMNIS,
2455 3965 2604 4049 QUI
2640 3964 2820 4032 NON

531 4070 1136 4138 PERMANSERIT
1181 4071 1273 4137 IN
1321 4069 1729 4149 OMNIBUS,
1780 4069 2005 4150 QUAE
2054 4070 2411 4139 SCRIPTA
2454 4071 2673 4140 SUNT
2727 4072 2821 4139 IN

532 4177 786 4246 LIBRO
817 4177 1082 4256 LEGIS,
1115 4177 1225 4244 UT
1254 4178 1559 4244 FACIAT
1593 4179 1770 4243 EA’?
1808 4177 1886 4244 SI
1923 4178 2035 4244 EX
2070 4178 2269 4244 FIDE
2307 4178 2817 4246 IUSTIEICAN·

441 4306 497 4351 as
531 4285 704 4352 TUR
757 4282 1144 4351 HOMINES
1209 4284 1308 4349 ET
1353 4283 1534 4351 NON
1580 4284 1744 4350 PER
1788 4283 2098 4362 LEGEM,
2147 4284 2258 4352 UT
2306 4284 2513 4365 QUID
2563 4284 2819 4350 MALE-

534 4390 842 4458 DICTUS
897 4389 1051 4456 EST
1108 4388 1256 4469 QUI
1310 4389 1491 4456 NON
1543 4390 1955 4456 IMPLEUIT
2018 4390 2328 4468 LEGEM,
2395 4389 2575 4458 CUM
2637 4389 2817 4456 NON

1104 4495 1558 4564 PROFICIAT
1602 4497 1720 4562 AD
1768 4496 2249 4565 IUSTITIAM?

622 4621 746 4686 Lex
775 4620 924 4685 data
953 4638 1064 4704 per
1088 4620 1355 4705 Moysen
1382 4620 1698 4686 iustitiam
1726 4621 2003 4687 habebat
2029 4621 2307 4704 quidem,
2336 4619 2449 4687 sed
2484 4626 2819 4698 terrenam,

533 4733 607 4794 ut
644 4733 971 4793 seruantes
1007 4726 1219 4812 legem
1257 4726 1412 4793 iusti
1451 4730 1670 4792 essent
1704 4726 1786 4793 ad
1821 4746 2140 4812 praesens,
2178 4730 2254 4792 ut
2288 4744 2410 4793 non
2446 4725 2539 4791 rei
2574 4725 2816 4792 fierent.

718 4885 742 4939 1
783 4885 812 4940 1
850 4885 970 4942 Cer.
1014 4885 1098 4952 12,
1134 4885 1169 4940 8
1276 4885 1313 4940 8
1350 4884 1418 4941 cs.
1458 4885 1586 4957 Sap.
1626 4887 1678 4954 1,
1714 4887 1751 4941 4
1858 4885 1924 4940 21
1966 4882 2086 4940 Gal.
2126 4886 2178 4951 8,
2221 4886 2282 4941 11
2393 4884 2465 4940 22
2504 4883 2626 4940 Gal.
2661 4885 2713 4954 3,
2755 4884 2821 4938 10

532 4974 723 5040 (Dent.
759 4974 847 5040 27,
881 4975 974 5043 26)
1079 4973 1150 5028 24
1187 4974 1255 5028 cs.
1295 4972 1414 5028 Gal.
1452 4973 1505 5042 2,
1544 4975 1613 5029 16
1651 4978 1755 5029 etc.

605 5081 640 5134 2
677 5079 925 5134 deminus
963 5097 1001 5134 a
1142 5078 1342 5151 Iesum]
1385 5078 1548 5134 deum
1583 5079 1646 5134 D
1678 5079 1823 5134 iesus
1861 5096 1899 5133 a
2040 5082 2075 5134 5
2108 5077 2346 5134 marcbie
2372 5077 2441 5133 K
2577 5079 2612 5133 6
2648 5076 2726 5131 bii
2760 5076 2821 5131 D

534 5170 565 5224 7
608 5167 734 5223 dnm
773 5175 900 5223 nrm
938 5150 1051 5223 fflm
1090 5174 1216 5234 (om.
1251 5172 1397 5239 xpm)
1432 5167 1501 5223 K
1601 5167 1638 5222 8
1674 5168 1843 5239 spurii
1877 5167 1946 5223 K
2046 5168 2081 5222 9
2116 5167 2334 5221 habitat
2357 5165 2418 5220 D
2530 5166 2591 5221 11
2622 5166 2817 5234 nequel

535 5257 625 5313 uel
652 5274 690 5311 a
763 5257 833 5313 13
860 5257 944 5312 illi
970 5257 1264 5329 praescribi
1294 5274 1332 5311 a
1407 5257 1475 5312 14
1502 5255 1673 5328 quod]
1700 5257 1827 5326 quin
1856 5255 1920 5311 K
1944 5273 2050 5327 quo
2082 5272 2120 5309 a
2194 5256 2258 5310 15
2295 5253 2481 5324 istum]
2518 5255 2721 5308 iustum
2759 5252 2820 5306 A·

537 5347 606 5401 16
642 5351 877 5418 negetur
910 5345 1012 5401 Ka
1122 5347 1186 5401 17
1224 5345 1422 5417 spiritu
1458 5351 1650 5400 sancte
1687 5343 1786 5399 Ka
1897 5346 1961 5400 19
1998 5343 2231 5399 edicitur
2264 5343 2329 5398 K
