3275 6434
1221 1461 1370 1535 σιμ.
1405 1462 1686 1520 mvm
1723 1463 2016 1520 1-txxx
2055 1465 2104 1521 1.
2661 1468 2793 1534 478

520 1657 692 1722 euim
738 1675 953 1722 omnes
998 1658 1349 1740 potestates
1397 1658 1463 1721 et
1504 1654 1895 1739 principatus
1941 1660 2007 1721 et
2050 1655 2504 1723 dominationes
2542 1655 2796 1725 Christo

520 1780 690 1847 genu
736 1761 1038 1844 flexerint,
1082 1765 1236 1828 tunc
1271 1760 1443 1827 filius
1479 1761 1916 1826 manifestabit
1948 1779 2070 1826 nou
2108 1780 2177 1827 ee
2214 1780 2373 1842 esse,
2408 1782 2447 1828 a
2482 1783 2607 1847 quo
2644 1767 2798 1829 eunt

519 1866 751 1945 omnis,
786 1865 899 1932 sed
931 1865 1136 1932 filium
1174 1866 1314 1932 eius
1359 1870 1425 1931 et
1465 1866 1652 1932 illum
1690 1866 1755 1930 in
1794 1884 1864 1931 se
1900 1865 2120 1932 uideri.
2156 1866 2309 1932 haec
2346 1870 2449 1933 est
2481 1867 2794 1935 subiectio

521 1975 593 2038 et
614 1971 790 2056 regni
815 1971 1088 2038 traditio.
1116 1972 1455 2038 osteudens
1483 1972 1651 2037 enim
1687 1975 1927 2054 petrem
1968 1991 2127 2051 esee,
2154 1991 2190 2038 n
2219 1991 2344 2055 quo
2382 1975 2532 2038 sunt
2567 1972 2796 2055 omnis,

449 2095 483 2140 e
517 2075 765 2143 subicit
796 2094 868 2143 se
901 2076 1022 2155 illi,
1066 2095 1213 2143 cum
1259 2077 1337 2143 de
1381 2095 1455 2142 eo
1504 2096 1572 2143 se
1610 2076 1770 2143 dicit
1805 2095 1963 2143 esse.
1998 2081 2177 2142 tsnts
2220 2077 2387 2143 enim
2431 2076 2685 2144 claritas
2731 2081 2800 2143 et

521 2182 825 2248 maiestas
849 2182 917 2248 in
954 2182 1232 2249 aduentu
1268 2181 1383 2248 filii
1423 2182 1767 2262 uidebitur,
1804 2187 1879 2247 ut
1914 2201 2132 2249 omnes
2167 2182 2483 2267 potentiae
2521 2184 2587 2248 et
2620 2182 2798 2250 chori

521 2286 891 2372 augelorum
928 2286 1097 2354 huuc
1132 2288 1517 2373 singularem
1552 2291 1780 2371 putent
1815 2288 2025 2354 deum.
2064 2289 2346 2354 seluntor
2379 2295 2614 2367 eutem,
2653 2307 2797 2354 cum

524 2411 595 2457 se
641 2411 761 2458 nou
807 2393 989 2459 illum
1036 2411 1178 2459 esse
1225 2393 1469 2471 dixerit,
1519 2393 1627 2477 qui
1674 2393 1910 2460 dicitur
1952 2398 2150 2478 pater,
2207 2393 2320 2460 sed
2375 2393 2579 2459 filium
2633 2394 2795 2472 eius,

522 2516 794 2581 regnans
838 2498 1036 2564 tradit
1075 2517 1340 2584 regnum
1383 2499 1569 2583 putri.
1617 2499 1681 2564 iu
1718 2497 1835 2565 huc
1870 2518 1938 2565 re
1975 2499 2380 2566 manifestate
2413 2503 2517 2564 est
2549 2502 2618 2564 et
2649 2499 2797 2565 sub·

430 2620 488 2665 ιο
524 2604 717 2670 iectio
763 2606 831 2669 et
869 2604 1048 2690 regni
1093 2604 1373 2682 auditio,
1420 2605 1587 2688 quie.
1635 2623 1781 2671 cum
1829 2625 1867 2671 s
1910 2609 2089 2689 patre
2135 2623 2206 2671 se
2252 2605 2583 2689 profitetur
2635 2622 2799 2682 esse,

526 2707 830 2793 quicquid
874 2709 1084 2786 hebet,
1129 2710 1332 2794 putris
1376 2728 1518 2776 esse
1564 2710 1800 2776 fatetur
1850 2730 2100 2777 omnem
2156 2728 2469 2776 summum
2524 2710 2798 2776 referens

526 2813 606 2878 ad
646 2833 808 2879 eum.

620 3021 978 3088 Lxxvnn
1020 3049 1108 3082 =
1156 3022 1486 3091 LXXXIII

529 3213 779 3282 LXXX.
826 3212 1032 3294 QUID
1080 3214 1296 3283 OPUS
1343 3216 1561 3282 ERAT
1609 3216 1718 3283 ΠΤ
1757 3215 2137 3283 GALATAS
2171 3214 2571 3283 ARGUssNs
2605 3211 2799 3281 APO-

430 3335 491 3380 ιο
530 3316 844 3388 STOLUS
891 3320 1063 3388 HOC
1106 3319 1752 3388 INTERPONERET
1798 3359 1879 3370 —
1931 3321 2284 3390 GALATIS
2329 3321 2545 3388 ENIM
2589 3319 2802 3387 POST

526 3423 1089 3493 EUANGssmUM
1163 3427 1274 3492 AD
1356 3426 1648 3493 LEGEM
1728 3426 2463 3496 CONFUGIEN'I'IBUS
2545 3425 2802 3493 INTER

532 3530 855 3598 CETERA
890 3531 1552 3600 A1‘1'2‘MEDIA'1'OB
1600 3531 1810 3598 mum
1857 3533 2115 3601 UNIUS
2154 3532 2333 3600 NON
2366 3532 2541 3610 EST,
2579 3530 2800 3597 DEUS

530 3636 826 3702 Auum
872 3637 1097 3706 UNUS
1145 3637 1318 3703 EST·
1363 3675 1472 3714 —‚
1520 3637 1775 3720 QUASI
1819 3636 2204 3705 GALATAE
2259 3638 2510 3706 UNUM
2558 3635 2798 3703 metm

530 3741 1006 3819 NEGARENT,
1037 3740 1343 3821 QUIPPE
1370 3743 1551 3810 CUM
1578 3741 1751 3809 HAG
1777 3742 2144 3810 RATIONE
2173 3743 2521 3811 INDUCTI
2546 3740 2803 3826 (SINT)

432 3860 496 3906 so
531 3847 625 3913 IN
653 3846 892 3928 LEGE,
919 3848 1030 3916 UT
1058 3847 1309 3917 UNUM
1337 3847 1577 3915 DEUM
1594 3848 1702 3913 ΕΤ
1722 3847 2267 3916 SINGULAREM
2288 3845 2801 3927 OREDERENT,

533 3952 964 4022 CHRISTUM
1037 3953 1330 4022 AUTEM
1400 3953 1880 4022 MINIS'I'BUM
1955 3954 2308 4022 TANTUM
2381 3952 2489 4019 EX
2551 3952 2798 4018 PRAE-

533 4057 1151 4127 DESTINATIONE
1198 4059 1550 4128 UENISSE
1604 4059 1717 4125 AD
1772 4058 2438 4127 DISPENSANDUM
2494 4056 2799 4124 nomm

1365 4165 1732 4232 GRATIAE·
1781 4165 1970 4231 DEI?

629 4288 686 4352 1.
711 4288 1119 4355 Manifestum
1159 4292 1260 4355 est
1293 4289 1388 4354 sic
1422 4279 1717 4356 indu'ctos
1747 4287 2005 4355 Galatas
2036 4289 2094 4354 in
2124 4288 2339 4374 legem
2373 4287 2590 4367 fuisse,
2626 4288 2700 4350 ut
2735 4287 2803 4351 et

435 4413 499 4458 a
537 4391 862 4460 Christum
906 4393 1365 4477 profiterentur,
1410 4394 1524 4460 sed
1568 4414 1690 4460 non
1746 4395 1917 4460 sicut
1969 4394 2230 4479 dignum
2285 4396 2404 4468 est,
2460 4390 2573 4458 sed
2625 4407 2799 4457 more

534 4499 765 4580 Fucini,
807 4502 902 4574 ut,
949 4499 1097 4583 quin
1140 4519 1336 4565 unum
1384 4499 1570 4565 deum
1614 4500 1713 4565 lex
1766 4499 2106 4582 praedicet,
2160 4502 2377 4565 contra
2428 4498 2636 4582 legem
2690 4496 2799 4571 sit.

534 4605 593 4669 ei
638 4603 930 4671 Christus
976 4605 1135 4671 deus
1181 4604 1441 4670 dicutur.
1487 4604 1605 4670 hoc
1653 4610 2081 4671 commentum
2117 4603 2494 4669 Iudaeorum
2532 4607 2651 4679 eet,
2687 4599 2800 4683 qui

533 4707 933 4792 magnalibus
960 4708 1272 4774 uirtutum
1303 4707 1458 4773 uicti
1486 4706 1886 4772 crediderunt
1911 4712 2058 4791 post
2074 4725 2325 4773 crucem
2348 4705 2803 4784 Christum‚its

716 4864 741 4918 1
783 4863 851 4919 cf.
889 4862 1004 4919 Col.
1044 4867 1092 4926 1.
1131 4864 1198 4919 16
1332 4863 1383 4917 2.
1419 4862 1456 4916 4
1493 4861 1559 4916 es.
1596 4862 1625 4917 1
1664 4861 1784 4919 Cor.
1819 4861 1874 4930 8,
1908 4863 1943 4917 6
2085 4863 2120 4917 6
2157 4861 2225 4917 es.
2261 4861 2338 4916 'l'e
2373 4861 2548 4916 Deum
2588 4857 2797 4914 Lunds-

532 4967 654 5005 mus
689 4950 722 5005 8
832 4952 897 5007 17
936 4949 1055 5006 Gal.
1091 4953 1144 5020 8,
1182 4952 1254 5006 20

610 5059 635 5112 1
679 5063 736 5112 et
760 5059 871 5127 pn]
908 5074 1091 5113 omnes
1126 5074 1164 5112 a
1268 5058 1302 5113 3
1340 5055 1523 5111 uidere
1558 5055 1618 5110 D
1712 5056 1746 5110 5
1783 5055 2016 5110 subiecit
2049 5054 2151 5109 Ka
2256 5048 2514 5108 maiestas
2549 5056 2608 5106 et
2641 5050 2797 5105 clari·

532 5153 621 5201 tu
660 5161 699 5199 a
863 5147 929 5201 10
964 5145 1103 5215 eum]
1141 5162 1260 5200 eum
1297 5149 1356 5198 et
1389 5144 1491 5199 Ka
1655 5144 1713 5198 11
1756 5142 2043 5198 confltetur
2078 5159 2195 5198 ene
2235 5159 2273 5196 a
2442 5142 2507 5196 17
2543 5144 2724 5193 sutem
2761 5155 2801 5192 a

536 5235 604 5290 19
640 5233 851 5289 inducti
877 5250 982 5288 on.
1008 5249 1046 5287 a
1222 5234 1333 5288 sint
1367 5231 1583 5294 addidi.
1618 5247 1724 5288 om.
1759 5230 1917 5286 DKa
2048 5231 2118 5285 20
2146 5231 2290 5301 lege]
2329 5226 2460 5284 add.
2496 5226 2728 5282 fuissent
2761 5243 2801 5280 a

534 5323 620 5393 ut]
659 5326 718 5377 ct
750 5320 818 5377 K
918 5322 989 5378 2⁴
1024 5327 1110 5377 cst
1143 5336 1244 5376 οισι.
1282 5338 1321 5376 a
1427 5319 1496 5376 28
1533 5317 1740 5376 Christi
1772 5319 1874 5374 Ka
