3275 6434
692 1404 983 1478 dapenna-e
1342 1409 1408 1478 ,ω

261 1595 395 1662 nibus.
422 1596 507 1663 iuste
536 1596 619 1663 inim
646 1596 763 1664 stultos
788 1614 848 1664 nos
873 1596 1112 1676 iudioanntai
1143 1595 1205 1665 hoo
1235 1598 1407 1667 deserum

263 1705 379 1768 natura
401 1703 610 1782 crederemus,
634 1703 719 1788 qnod
736 1703 889 1786 probatur
910 1722 972 1769 non
994 1723 1099 1788 posse.
1120 1708 1340 1790 perseam
1360 1725 1408 1788 ea;

264 1826 347 1890 qnae
369 1827 474 1874 rerum
496 1814 609 1874 natura
630 1826 692 1875 non
716 1812 834 1888 potest
857 1826 915 1875 nos
938 1808 1034 1876 ‹lenu
1052 1809 1211 1877 eredimus
1228 1828 1325 1895 posse
1342 1813 1407 1884 iao·

263 1920 383 1991 turum,
399 1914 428 1980 si
441 1915 629 1997 promiserit
643 1932 723 1998 quae
737 1915 769 1980 in
784 1915 844 1980 hae
861 1933 896 1981 re
914 1918 1020 1999 potest
1038 1915 1178 1983 stultitia
1195 1915 1407 2002 deprehendi?

227 2021 294 2084 ssi
317 2025 423 2086 auum
447 2020 613 2105 iudignum
640 2021 699 2087 deo
725 2025 777 2087 est
799 2040 891 2105 opos,
915 2021 1000 2103 quod
1026 2040 1120 2089 nosse
1147 2022 1295 2102 ereditur,
1320 2035 1408 2091 reete

262 2125 343 2190 tides
365 2125 549 2191 hebetudini
570 2129 770 2209 oonparato13
795 2126 881 2209 qnod
904 2126 930 2193 si
954 2126 1087 2211 dignuin
1109 2131 1171 2206 est,
1194 2143 1250 2211 per
1270 2128 1304 2195 id
1322 2129 1407 2212 quod

263 2234 426 2296 creaturae
456 2230 641 2313 inpossibile
673 2235 734 2310 est,
770 2249 827 2297 eur
853 2249 914 2298 non
941 2230 1202 2298 {eadmundus
1230 2236 1291 2313 est,
1325 2253 1407 2320 quae

263 2339 389 2401 tantuin
412 2335 468 2402 dat
489 2337 633 2416 creatori,
656 2341 809 2420 qnantum
834 2341 977 2404 uentura
998 2357 1096 2423 posse
1115 2343 1270 2425 negatur?

309 2446 339 2511 5.
361 2443 499 2528 Magnos
521 2443 621 2527 igitur
642 2446 677 2509 et
693 2442 889 2509 admirabilis
909 2444 1078 2521 termam,
1097 2445 1151 2528 qui
1169 2449 1278 2512 eontra
1295 2445 1406 2512 mundi

216 2569 245 2611 no
263 2549 453 2614 sententiam
477 2549 535 2614 deo
559 2547 684 2614 eredere
706 2566 767 2615 non
790 2549 961 2630 dubitauit,
988 2550 1064 2634 quia
1088 2553 1201 2634 potens
1227 2554 1278 2618 eat
1303 2551 1408 2618 faune

264 2654 350 2735 qnod
376 2654 544 2736 promittit.
573 2657 684 2719 natura
713 2652 873 2721 chaldeos
901 2654 1054 2738 magistu
1084 2655 1282 2724 credulitatis
1311 2674 1405 2741 appa·

263 2761 343 2824 ruit:
375 2758 522 2844 quamuis
554 2758 746 2843 astrologiae
781 2759 913 2842 peritus,
949 2758 1044 2826 deum
1079 2764 1185 2827 tamen
1220 2763 1406 2847 praeposuit

263 2866 401 2930 humano
424 2864 556 2931 oonsilio
579 2865 712 2950 dignum
739 2865 923 2942 aestimans,
950 2864 979 2932 si
1006 2865 1067 2932 hoo
1094 2866 1241 2933 undatur
1266 2868 1306 2934 de
1332 2867 1403 2949 deo,

263 2970 349 3053 qnod
372 2989 435 3054 quo
458 2970 552 3037 modo
575 2969 633 3036 liat
653 2971 841 3056 inuestigari
863 2989 924 3037 non
950 2970 1063 3056 possit.
1085 2965 1303 3039 infimitatem
1321 2973 1404 3040 eninn

219 3097 246 3140 as
264 3096 356 3143 suam
379 3076 429 3141 dei
447 3077 589 3160 potentia
607 3076 814 3155 confirmauit,
833 3077 909 3161 qnia
926 3076 967 3143 ad
983 3077 1161 3145 maiestatis
1180 3098 1258 3146 snae
1274 3081 1407 3147 unioanu

263 3182 515 3268 magnitudinem
534 3183 768 3265 protestandam
788 3184 891 3252 faeere
909 3184 1091 3268 disponerat
1108 3204 1188 3268 qnae
1206 3185 1406 3270 inpossibilia

263 3293 296 3354 et
322 3288 465 3355 inaudita
496 3291 574 3354 aunt
603 3289 732 3368 mundo,
764 3307 828 3372 qno
860 3291 944 3356 teoto
972 3291 1152 3357 ostenderet
1178 3308 1213 3356 se
1240 3290 1404 3357 dominnm

263 3397 424 3460 creaturae
448 3397 482 3460 et
504 3399 647 3460 ereatura
665 3395 826 3461 subiceret
847 3414 881 3461 ee
905 3396 946 3473 ei,
964 3396 1055 3461 euius
1073 3414 1154 3481 opos
1173 3397 1286 3461 ceteris
1304 3394 1405 3461 omni·

262 3501 324 3567 bus
338 3500 522 3584 inpossibile
540 3500 711 3578 uideretur,
731 3520 864 3582 quorum
882 3500 1103 3568 incredulitate
1121 3500 1194 3585 plus
1211 3500 1405 3567 sublimatur

216 3626 244 3670 eo
262 3605 468 3672 fidelissimos
490 3606 658 3672 Abraham.
680 3605 759 3671 fides
779 3607 862 3672 enim
887 3606 956 3672 eius
978 3606 1211 3672 incredulorum
1233 3595 1335 3690 poena
1349 3609 1406 3673 'est

261 3723 294 3776 et
316 3711 550 3778 ineredulornun
577 3712 707 3796 perfidia
734 3712 836 3797 gloria
862 3713 936 3778 eins
959 3716 1023 3789 esta
1047 3730 1120 3778 naun
1147 3711 1290 3778 fidelium
1313 3715 1404 3796 pater

262 3823 313 3882 est
340 3821 372 3882 et
398 3817 573 3883 infidelium
595 3818 698 3883 indes
721 3818 816 3884 liuius
841 3819 923 3884 enim
951 3818 1093 3903 exemplo
1117 3821 1151 3883 et
1172 3818 1247 3884 boni
1275 3820 1403 3884 aetema

261 3924 331 3988 uita
361 3923 516 3989 donantur
549 3926 587 3989 et'
613 3923 690 3989 muli
721 3927 849 3990 aeterua
878 3925 1000 3990 dabunt
1029 3923 1196 4007 subpliola.
1227 3922 1284 4005 illo
1317 3923 1401 3990 enim

259 4034 503 4114 temporeque
532 4029 634 4095 adhue
660 4030 798 4095 muudus
831 4030 965 4095 seientia
994 4021 1148 4113 pennulam
1180 4033 1250 4096 erat
1279 4032 1314 4096 et
1342 4047 1401 4095 nee

215 4155 242 4200 ao
258 4135 360 4223 signis
383 4155 421 4200 ae
442 4135 606 4221 prodigiis,
626 4135 764 4224 qnaead
781 4133 878 4202 tidem
896 4134 1106 4216 munierant,
1123 4135 1323 4216 inlushntns,
1341 4134 1401 4202 deo

257 4247 367 4308 eontra
389 4241 554 4307 seientiam
578 4260 669 4307 suam
691 4239 786 4306 fidem
808 4261 871 4308 nou
894 4241 1072 4326 denegauit

346 4502 380 4558 10
399 4500 432 4556 ol.
451 4501 527 4555 Bona.
545 4500 572 4570 4,
589 4502 622 4556 21
694 4499 724 4556 ll
746 4499 780 4556 ei.
799 4501 867 4557 (deu.
887 4501 930 4570 11,
947 4501 994 4555 28.
1012 4500 1045 4555 81
1114 4499 1148 4555 21
1169 4495 1401 4564 difflatu

295 4661 312 4714 2
325 4665 392 4729 poet
410 4665 507 4713 natura
524 4673 593 4714 erae.
611 4674 666 4713 non
684 4663 777 4730 potest
792 4674 844 4714 noa
862 4658 887 4714 0
998 4659 1087 4728 posue]
1106 4655 1213 4712 ease-P
1299 4670 1347 4710 eea
1363 4654 1402 4711 Π

260 4750 456 4805 &mne-anos
474 4748 510 4801 ld
597 4747 730 4804 laetatam
747 4745 781 4801 N
848 4745 935 4816 dest]
954 4744 1028 4801 etN
1093 4745 1110 4799 d
1128 4741 1290 4800 hebitudine
1306 4742 1399 4800 uda

262 4838 295 4892 10
316 4841 415 4908 potens
437 4835 491 4907 eat]
513 4840 607 4907 potest
630 4836 714 4892 ONX
809 4836 841 4891 11
864 4833 952 4904 anuis
974 4835 1028 4889 iter
1049 4830 1220 4888 “edulitatis
1241 4831 1352 4902 apenlt
1372 4829 1406 4884 P*

261 4925 431 4981 erudelitatla
451 4923 476 4979 0
560 4925 592 4979 12
610 4925 792 4996 analogiae
809 4926 953 4992 (oomni
970 4927 996 4977 et
1011 4938 1047 4975 ae.
1065 4925 1130 4987 reu>
1147 4918 1186 4976 Π
1248 4919 1284 4974 le
1301 4919 1398 4989 potn-

260 5015 326 5069 dano
349 5015 379 5078 0.
391 5013 418 5069 θ
435 5017 526 5080 (oon.)
599 5013 633 5067 16
652 5008 858 5083 proteetundnn
874 5009 904 5063 Ρ
970 5007 1002 5064 l?
1021 5023 1075 5078 quo
1092 5006 1178 5077 laub]
1197 5003 1271 5077 quad
1287 5003 1346 5059 tato
1362 4999 1402 5058 Π

258 5102 336 5157 deum
356 5100 420 5157 ΜΘ
492 5100 526 5154 le
544 5098 761 5155 enbalianatunO
834 5099 867 5154 el
888 5101 918 5152 et
934 5111 987 5153 on.
1007 5095 1089 5151 CNx
1157 5094 1193 5150 Β
1211 5096 1323 5148 seim
1338 5089 1400 5146 ua·

257 5192 288 5246 in
305 5178 362 5248 ω’
380 5188 414 5242 Ν
452 5185 488 5242 28
506 5187 647 5247 enimse
665 5185 698 5240 N
739 5185 775 5242 to
792 5184 982 5241 studerent
998 5184 1029 5239 Ν
1075 5182 1111 5238 Μ
1129 5184 1226 5239 uun
1241 5176 1402 5249 mn}

258 5277 450 5334 eonaeieatiam
469 5273 529 5331 GA-

283 5401 309 5443 t.
322 5401 437 5450 numu.
451 5398 546 5449 euna.
558 5401 612 5442 aaa
1325 5370 1363 5429 Ἄ
