3275 6434
723 1217 797 1287 Cap.
816 1216 863 1274 CX
881 1219 960 1274 5-1.
1340 1223 1407 1290 273

271 1410 327 1493 qui
355 1412 512 1478 timeatur.
540 1412 594 1477 ubi
623 1431 697 1498 erqo
725 1412 802 1478 baec
829 1414 990 1480 institutio
1022 1431 1083 1479 non
1112 1419 1173 1490 est,
1205 1414 1250 1479 ibi
1283 1414 1410 1482 catedra

270 1517 471 1599 pestilentiae
489 1518 674 1600 repperitur.
692 1535 848 1601 nusquam
866 1519 963 1584 unius
986 1517 1036 1585 dei
1060 1520 1232 1586 auctoritas
1249 1518 1409 1600 abnuitur,

270 1621 333 1687 nisi
364 1622 447 1706 apud
474 1641 540 1690 soe.
567 1624 622 1705 qni
655 1623 828 1689 multorum
861 1622 990 1690 deornm
1017 1623 1199 1709 praedicant
1227 1628 1347 1692 metum
1376 1629 1410 1692 et

269 1729 489 1792 reuerentiam.
513 1728 546 1792 hi
568 1733 645 1795 eunt
666 1729 721 1810 qni
747 1729 779 1793 in
807 1728 932 1795 camdra
958 1729 1159 1812 pestilentiae
1184 1728 1307 1808 sedant,
1333 1729 1410 1815 qnia

238 1829 356 1913 equod
377 1831 544 1913 pontifices
567 1850 675 1897 eornm
703 1832 884 1914 praedicant
906 1851 992 1899 mora
1015 1834 1072 1899 eet
1094 1831 1155 1898 boc
1177 1833 1261 1898 enim
1284 1833 1408 1910 dooant,

271 1941 309 2002 ut
335 1936 474 2003 cultores
501 1938 596 2004 unius
624 1936 676 2002 dei
702 1939 794 2020 quasi
826 1939 919 2004 stulti
953 1942 986 2004 et
1010 1938 1132 2004 inimici
1159 1941 1216 2004 ant
1242 1938 1407 2023 obprobrio

270 2043 336 2108 sint
362 2048 418 2108 ant
448 2043 487 2108 ds
509 2043 567 2108 bac
590 2044 658 2109 uita
685 2043 847 2110 tollantur.
876 2043 954 2109 baso
979 2044 1050 2127 ipsa
1077 2044 1208 2110 materia
1233 2044 1408 2128 impietatis

270 2153 331 2224 est,
354 2166 434 2232 quae
456 2148 552 2214 etiam
574 2148 607 2215 in
630 2153 753 2215 ceteras
775 2154 881 2234 partes
905 2149 1090 2227 extenditur,
1113 2167 1170 2233 per
1191 2167 1270 2233 quaa
1297 2150 1407 2234 impie·

269 2254 347 2319 tatis
375 2272 452 2320 snae
478 2255 566 2338 leges
593 2253 750 2321 ostendat
777 2272 850 2320 nam
882 2253 974 2320 iussn
999 2255 1123 2321 Ieaabel
1151 2256 1318 2322 catamitos
1348 2256 1406 2322 ini·

225 2373 253 2419 ro
271 2360 403 2441 quitatis
429 2359 460 2425 io
489 2360 616 2426 catedra
641 2361 841 2444 pestilentiae
863 2360 1023 2439 eoderunt
1054 2361 1109 2443 qui
1140 2360 1293 2427 aduersus
1319 2361 1406 2428 inno·

269 2466 392 2530 oentmr
415 2464 592 2543 Nabuthae,
615 2484 688 2532 cum
715 2464 837 2532 indices
864 2485 924 2532 non
954 2470 1068 2548 essent,
1094 2484 1191 2550 praua
1217 2467 1406 2534 meditantes

269 2571 448 2637 aubomatie
469 2571 561 2638 falsie
581 2571 719 2637 testibus
742 2571 855 2638 mortis
877 2572 1018 2638 tulerunt
1040 2572 1239 2638 sententiam,
1266 2572 1352 2639 unde
1372 2573 1404 2639 in

269 2675 332 2742 alio
363 2676 486 2760 psalmo
514 2676 605 2743 dicit:
635 2680 780 2744 etcum
807 2676 935 2761 impiis
964 2696 1033 2743 non
1060 2677 1209 2745 sedebo.
1232 2678 1292 2744 boo
1320 2679 1403 2745 enirn

267 2781 422 2847 indicium
445 2782 515 2848 eins
538 2793 598 2860 set,
621 2782 713 2848 caius
736 2786 769 2848 et
790 2781 917 2848 catedra
943 2783 1153 2866 pestilentiae.
1180 2784 1289 2867 itaqua
1316 2784 1344 2850 ai
1371 2785 1403 2849 in

223 2903 250 2950 rs
269 2884 319 2951 dei
342 2886 468 2952 catedra
486 2887 631 2953 sedentes
655 2888 836 2953 innocentes
860 2888 1047 2971 opprimant,
1067 2888 1221 2954 iniustum
1245 2889 1306 2954 erit
1323 2888 1404 2955 iudi·

267 2981 364 3069 cium,
393 3011 453 3058 nou
487 2992 621 3059 catedra
659 2992 714 3058 ubi
745 2993 830 3059 enirn
862 2992 988 3077 catedra
1019 2993 1219 3076 pestilentiae
1251 2997 1310 3073 ost,
1341 3013 1403 3060 nou

265 3101 374 3181 potest
389 3097 544 3163 iudicium
565 3116 623 3164 non
643 3116 714 3164 esee
731 3098 886 3181 iniquum,
910 3099 1056 3180 quamuis
1075 3098 1228 3182 quaedam
1247 3098 1405 3184 adplicant

267 3204 328 3270 sibi
351 3205 443 3269 uelat
465 3203 632 3280 calamina,
655 3204 772 3287 quibua
789 3204 987 3287 impietatem
1007 3208 1185 3288 contegant,
1203 3207 1241 3270 ut
1257 3203 1404 3272 uidentes

265 3310 425 3375 fallantur.
439 3329 499 3375 non
515 3313 624 3393 potest
639 3310 720 3375 enirn
733 3309 957 3394 aolaimpietaa
967 3311 1107 3395 proponi,
1118 3310 1195 3395 qnia
1207 3329 1267 3377 non
1282 3311 1405 3378 inuenit

217 3430 247 3474 so
266 3419 451 3500 emptorem,
474 3421 517 3492 ot,
541 3415 595 3480 ubi
618 3414 668 3479 lea
690 3415 809 3481 diaboli
832 3419 892 3492 est,
911 3415 939 3482 ai
954 3415 1024 3500 ipss
1042 3417 1230 3496 nominetur,
1248 3415 1402 3482 horretur.

312 3521 339 3584 7.
354 3521 445 3587 Sicut
463 3539 583 3587 ueneno
603 3520 796 3587 admiscetur
810 3540 865 3605 per
877 3521 961 3605 quod
974 3522 1080 3596 lateat,
1094 3522 1139 3586 ita
1154 3525 1186 3586 et
1199 3521 1263 3606 tegi
1283 3520 1402 3588 diaboli

265 3625 419 3699 quaedam
451 3628 537 3692 iusta
570 3625 745 3691 admiscent
774 3630 808 3691 et
834 3644 948 3691 nomen
976 3625 1136 3709 adplicant
1163 3625 1318 3705 ueritatis,
1346 3625 1403 3692 sed

265 3732 360 3799 noina
383 3733 537 3814 cuiusque
560 3749 673 3797 sensus
697 3737 746 3796 ast
763 3729 961 3808 iudicandus,
981 3731 1055 3814 quia
1070 3729 1142 3796 ideo
1161 3729 1328 3813 aliqnando
1345 3730 1401 3795 ali·

264 3836 341 3920 quid
373 3856 483 3903 uerum
513 3835 663 3913 ostendit,
693 3840 731 3901 ut
759 3836 860 3914 sallat,
889 3838 936 3914 ut,
964 3855 1036 3901 cum
1065 3835 1204 3919 maligna
1231 3834 1400 3919 praedicat,

216 3954 246 3998 ’ὃ
265 3944 347 4008 bona
380 3947 540 4027 putentur.
575 3942 721 4027 quoniam
754 3941 912 4006 catedram
944 3940 1143 4026 pestilentiae
1176 3959 1236 4006 non
1265 3957 1335 4005 esee
1363 3938 1401 4005 de

354 4164 370 4217 9
389 4163 423 4219 cf.
442 4163 484 4218 111
502 4163 569 4234 Bep.
587 4165 622 4218 20
640 4164 706 4232 (21),
726 4163 822 4218 8-10.
843 4163 876 4216 la
932 4161 964 4217 ld
984 4161 1027 4216 Pa.
1045 4162 1089 4227 25,
1109 4165 1125 4216 5

302 4286 791 4356 lnoneat1eatnon00at(erea.)
811 4285 970 4341 noueatN
1017 4285 1069 4357 ibi]
1087 4285 1114 4339 in
1128 4283 1196 4340 ΜΧ
1229 4284 1400 4340 banduadei

263 4390 315 4430 on.
333 4372 371 4427 Μ
421 4372 465 4427 dei
484 4388 535 4427 ooo.
556 4373 609 4428 ΟΔ
681 4373 800 4429 abnntnr
816 4373 854 4428 Μ
904 4371 978 4443 tbi]
997 4372 1040 4428 bia
1061 4372 1086 4428 0
1100 4373 1139 4428 bii
1157 4371 1218 4427 NX
1267 4373 1399 4442 dponte·

262 4461 327 4516 flers
344 4460 379 4515 Μ
467 4459 573 4531 dorent]
592 4461 684 4517 dicent
703 4461 756 4517 ΟΧ
773 4460 873 4517 docent
890 4465 917 4529 (o
936 4477 970 4515 ar.
988 4476 1039 4516 roc
1056 4461 1089 4515 s's
1106 4460 1174 4532 raa.)
1191 4459 1223 4516 N
1301 4460 1400 4515 irunt

265 4549 339 4611 C‚N
354 4551 445 4615 tcorr.)
459 4549 489 4602 Χ
523 4549 707 4618 dimpiatatia
725 4557 804 4615 (oon.
823 4549 990 4620 impietates)
1006 4547 1041 4604 N
1071 4548 1177 4618 blopis
1197 4545 1253 4603 GN
1307 4551 1398 4602 osten·

263 4637 331 4692 dant
347 4636 378 4689 X
469 4636 551 4691 iussis
567 4636 599 4690 X
695 4636 798 4692 icaabrl
815 4637 836 4707 (d
854 4655 887 4691 se.
906 4653 958 4693 rec.
975 4638 1008 4691 s'ea
1025 4642 1094 4703 rea.)
1111 4635 1145 4691 N
1239 4634 1355 4690 antistes
1373 4635 1401 4688 P

262 4725 415 4779 antiastitee
432 4727 487 4793 (pr.
507 4740 519 4777 a
538 4739 559 4778 a.
578 4723 610 4793 1.)
628 4723 665 4778 Μ
720 4724 751 4779 11
772 4724 905 4780 nabuttbo
921 4723 960 4780 Μ
1027 4727 1101 4780 rarat
1116 4722 1154 4779 Μ
1223 4722 1257 4778 12
1274 4720 1398 4777 subordi-

261 4813 335 4867 natis
353 4811 464 4866 PONX
519 4811 743 4867 laceratores>
800 4814 833 4866 15
853 4811 899 4867 dei
915 4828 966 4868 ose.
986 4812 1016 4866 Χ
1085 4811 1227 4881 iuinrtnrn]
1243 4826 1278 4867 an
1296 4811 1398 4865 iaetnrn

263 4916 315 4954 nou
334 4899 363 4954 P
415 4899 448 4954 17
467 4895 610 4968 quaedam]
630 4916 698 4969 qnae
717 4900 837 4955 dicitu
909 4899 943 4955 18
961 4899 1038 4955 uelat
1055 4902 1099 4965 (ne
1117 4897 1299 4961 dorcada.
1319 4894 1352 4964 d.)
1369 4894 1402 4951 N

263 4985 451 5057 contigantO
490 4986 523 5040 19
542 4986 616 5056 quia]
636 4987 751 5058 quaed
787 4985 947 5057 alleged
985 4985 1020 5042 dd
1038 4990 1081 5041 eat
1098 5000 1148 5041 oar.
1168 4984 1204 5040 Μ
1237 4984 1272 5040 24
1291 4982 1396 5053 nemra]

263 5073 373 5130 uerbum
392 5075 486 5144 (corr)
503 5073 540 5128 Μ
608 5079 641 5128 nt
658 5075 719 5145 adt]
738 5080 767 5131 et
783 5075 813 5129 X

290 5198 316 5238 r..
330 5197 439 5245 rra-aer.
454 5195 547 5244 qnae-r.
562 5200 614 5238 aaa
1329 5175 1370 5230 it
