3275 6434
695 1428 770 1504 Cap.
787 1430 937 1486 but-nv
955 1432 982 1486 2.
1350 1433 1415 1497 ult

270 1631 413 1708 leuiore
436 1643 497 1708 quo
521 1625 610 1691 misit
637 1625 677 1690 ad
703 1625 809 1691 lesum
838 1624 991 1690 lebannes
1019 1625 1058 1690 de
1085 1642 1207 1690 earcere
1235 1623 1410 1707 dIsoipulos

271 1730 1411 1815 saeosdicens:tues,quiuenturoses,analiumexpeotamust

270 1842 348 1901 torno
384 1837 474 1901 lesus
511 1834 674 1919 respondit
710 1835 877 1919 disoipnlis
913 1835 982 1899 eins
1019 1834 1141 1900 diesne:
1184 1833 1247 1910 ite,
1290 1833 1408 1900 dieite

269 1941 426 2006 Iohanni
450 1958 543 2023 qaae
568 1940 726 2006 uidistis
750 1944 788 2005 et
809 1939 985 2007 audistin.
1009 1939 1111 2006 oaeoi
1133 1938 1276 2016 uident,
1303 1938 1410 2006 surdi

235 2046 439 2120 obaudiunt,
464 2045 606 2127 leprosi
630 2045 866 2124 mundantur,
890 2045 1015 2110 olaudi
1039 2045 1240 2122 ambulent,
1268 2045 1409 2111 mortni

268 2151 983 2234 1·esurgnut;etbeatusilloestquiiu
1003 2170 1058 2217 me
1078 2150 1284 2218 nonluerit
1304 2169 1408 2217 soan-

268 2258 468 2321 dalisatus.
492 2256 723 2321 abeuntibus
746 2258 872 2321 autom
901 2256 1046 2321 nuntiis
1074 2255 1254 2322 lobannis
1283 2256 1410 2340 ooepit

267 2363 381 2427 Iesus
414 2361 538 2426 disere
575 2361 617 2425 sd
650 2361 781 2427 turbas
813 2360 856 2426 de
892 2360 1057 2427 Iohanne
1093 2359 1281 2444 baptIsta:
1319 2360 1418 2444 quid·

267 2467 403 2532 existis
424 2467 457 2531 iu
478 2465 669 2531 desertum
688 2464 842 2531 uidere?
865 2465 1110 2531 harundinem
1129 2469 1244 2531 uento
1264 2467 1408 2532 moneri

219 2587 249 2627 ¹⁰
268 2577 334 2637 eruut
357 2572 539 2637 hominem
563 2571 743 2637 mollibus
762 2570 1008 2637 uestimentis
1025 2571 1220 2637 indutum?
1238 2588 1324 2638 sooe
1342 2569 1407 2656 qui

268 2678 453 2742 mollibus
471 2676 704 2754 uestiuntun
724 2677 759 2740 in
779 2675 952 2742 domibus
971 2695 1099 2761 rogum
1118 2679 1216 2744 sunt.
1236 2675 1302 2742 ssd
1316 2675 1408 2761 quid

268 2783 406 2848 existis
430 2782 582 2849 uidere?
604 2781 846 2866 prophetam?
870 2780 952 2847 diso
980 2781 1089 2847 nohis
1118 2781 1291 2864 quonlam
1317 2781 1405 2866 plus

268 2909 377 2970 quam
409 2888 637 2972 prophetans.
666 2887 727 2951 hle
754 2889 812 2952 est
840 2887 884 2953 de
912 2906 981 2971 quo
1011 2886 1290 2970 scriptumest:
1319 2905 1405 2953 ecee

267 2995 378 3060 auaitto
402 2993 574 3077 angelum
599 3011 716 3058 rausum
736 2997 820 3058 anto
839 2993 974 3060 lactem
993 2996 1104 3070 tuam,
1123 2991 1186 3076 qui
1204 2996 1406 3076 praeparet

219 3115 249 3155 aa
269 3101 367 3163 uiam
387 3104 498 3164 tuam.
518 3105 609 3164 tuno
628 3102 665 3164 et
679 3097 874 3180 publicani
889 3098 1141 3165 landauerunt
1160 3097 1267 3165 deum
1285 3097 1405 3181 bapti·

268 3204 345 3270 aati
367 3204 556 3288 baptismo
579 3204 768 3270 lobannis.

314 3312 345 3375 2.
370 3307 493 3389 Quanta
520 3315 625 3375 autem
654 3310 724 3375 laus
754 3309 828 3375 data
853 3310 984 3376 Iohanni
1012 3315 1071 3390 est,
1095 3309 1226 3394 utplus
1250 3309 1406 3375 dicoretur

267 3435 340 3482 esse
367 3434 459 3498 quam
487 3415 653 3499 propheta!
678 3420 711 3480 et
736 3416 865 3481 beatum
892 3421 987 3482 uooat
1009 3415 1150 3483 saluatur
1171 3433 1243 3481 eum
1267 3413 1322 3498 qni
1345 3433 1405 3479 non

268 3521 500 3587 scandalizatur
521 3521 552 3586 in
576 3539 664 3586 enm:
684 3540 744 3604 qao
764 3521 858 3587 modo
877 3520 1066 3587 laudabatur
1087 3520 1241 3587 Iohannes
1265 3518 1294 3586 si
1315 3519 1404 3585 dubi·
1531 3591 1533 3594 Α

216 3643 247 3683 su
267 3627 364 3692 tando
387 3625 618 3692 scandalisatus
642 3629 712 3692 est?
735 3626 875 3693 sednon
899 3626 1010 3711 utique
1033 3625 1203 3692 dubilauit.
1226 3624 1298 3691 laus
1320 3625 1403 3690 enim

265 3733 396 3798 beatum
413 3731 504 3797 illum
518 3732 639 3814 prohat,
654 3731 801 3815 quianon
816 3734 867 3798 est
880 3731 1119 3797 scandalizatus.
1132 3749 1204 3796 oum
1219 3735 1252 3796 et
1264 3730 1406 3796 saluator

265 3838 384 3903 ideireo
399 3837 468 3922 Ipso
483 3840 624 3920 tempore
640 3837 670 3902 in
685 3835 811 3902 laudem
831 3836 980 3903 lobannis
998 3835 1151 3920 prompto,
1170 3839 1208 3902 ut
1225 3835 1405 3903 ostenderet

265 3963 395 4010 seusam
405 3943 554 4009 Iohannis
567 3942 701 4008 liberum
717 3941 977 4026 udlaoipulorum
991 3942 1061 4008 eius
1075 3940 1282 4007 debltatione.
1292 3940 1402 4007 Iohan-

266 4067 322 4114 uoe
333 4048 415 4114 euim
425 4047 534 4113 uolens
544 4051 691 4113 nutantes
702 4046 876 4131 dIsoipqus
886 4065 963 4113 suos
977 4045 1177 4113 corroborare
1186 4045 1218 4111 in
1229 4045 1291 4112 lide
1300 4044 1402 4111 salua·

216 4166 246 4208 25
266 4154 355 4231 toris,
371 4154 472 4218 soiens
487 4153 605 4218 exitum
625 4153 687 4218 sihi
705 4151 944 4232 immiseram,
959 4149 1092 4235 quaeda
1110 4151 1179 4233 Ipso
1199 4150 1334 4229 dicebat,
1348 4168 1401 4216 ore

265 4261 334 4324 eius
365 4258 466 4323 uoluit
493 4257 674 4323 confirmari.
703 4257 774 4322 ideo
803 4259 840 4322 ut
865 4257 959 4322 testis
988 4275 1081 4322 uerus
1104 4256 1157 4332 sit¹
1180 4255 1400 4321 testimonium

263 4363 562 4448 potiorisimplorat‚
570 4367 606 4428 ul
616 4381 724 4429 eorum
734 4361 901 4428 eoncordia
910 4361 1211 4446 omuiaambiguitas
1219 4360 1401 4425 auferretur.

263 4471 325 4536 hoo
334 4473 546 4536 commentum
556 4468 703 4535 Iohannis
713 4472 774 4548 est,
784 4472 822 4534 ut
830 4467 943 4534 dubios
957 4468 1024 4534 suis
1034 4467 1125 4550 quasi
1132 4466 1239 4532 uerbis
1249 4465 1399 4542 mitteret.

263 4581 301 4642 ut
319 4576 426 4642 eadem
442 4575 606 4641 audientes
619 4593 639 4640 a
651 4575 821 4652 salamone,
836 4573 1090 4658 quaeaudIerant
1103 4590 1122 4637 a
1135 4572 1283 4651 Iohanne,
1297 4569 1399 4636 firma·

351 4729 485 4784 ahslon
504 4731 547 4798 ll,
565 4729 582 4784 8
600 4728 665 4788 huo.
684 4730 709 4796 7,
729 4728 762 4785 19
833 4727 968 4784 allatas
988 4730 1029 4797 11,
1047 4726 1144 4784 s-to.
1163 4726 1228 4784 Lne.
1247 4726 1273 4792 7,
1290 4723 1396 4782 22-27

264 4820 297 4873 15
315 4817 380 4872 Luc.
400 4818 425 4884 l,
443 4817 478 4873 29

297 4922 443 4992 desolo]
461 4927 542 4977 estu
611 4923 750 4978 duldetie
768 4939 787 4977 o
867 4921 969 4978 sudltia
987 4939 1007 4976 o
1076 4919 1220 4977 tostillo
1239 4918 1272 4974 K
1342 4934 1396 4974 non

260 5009 345 5064 luerit
362 5007 561 5064 eoeudslieatus
579 5009 607 5062 io
625 5025 668 5063 me
685 5007 737 5063 Ko
793 5010 811 5064 9
829 5009 944 5079 monem]
964 5009 1098 5079 sginum
1116 5007 1198 5078 (eurr.
1215 5007 1264 5060 nott
1279 5021 1302 5061 e.
1320 5004 1350 5075 t)
1366 5002 1400 5058 1(

263 5098 296 5153 10
315 5097 438 5151 uestibus
451 5113 471 5150 s
530 5096 562 5151 13
580 5112 642 5151 eone
661 5112 712 5166 ego
727 5113 747 5151 u
804 5097 839 5153 14
857 5095 1072 5168 pnepsrubltD
1130 5094 1164 5150 18
1182 5093 1230 5163 qui
1247 5109 1301 5147 uon
1318 5107 1396 5146 sean-

260 5185 395 5241 daliaatur
412 5184 440 5238 iu
458 5200 519 5239 enm
536 5199 589 5239 ose.
607 5183 640 5238 K
726 5185 760 5240 la
778 5186 850 5255 euml
868 5199 898 5240 es
916 5201 935 5239 n
1023 5182 1150 5239 laudatur
1167 5197 1186 5235 n
1256 5179 1292 5250 ei]
1311 5178 1358 5249 qui
1377 5194 1396 5232 n

260 5274 295 5328 23
313 5271 442 5326 lobannis
460 5288 519 5328 esse
537 5287 554 5325 a
609 5272 643 5328 24
661 5273 790 5329 mireum
808 5289 826 5327 n

288 5396 305 5436 1.
328 5395 441 5448 Ibam.
457 5392 552 5446 Quaeso.
569 5399 625 5437 teet.
1325 5370 1361 5425 ᾖ
