<?xml version="1.0" encoding="UTF-8"?>
<!DOCTYPE html PUBLIC "-//W3C//DTD XHTML 1.0 Transitional//EN"
    "http://www.w3.org/TR/xhtml1/DTD/xhtml1-transitional.dtd">
<html xmlns="http://www.w3.org/1999/xhtml" xml:lang="en" lang="en">
 <head>
  <title>
</title>
<meta http-equiv="Content-Type" content="text/html;charset=utf-8" />
  <meta name='ocr-system' content='tesseract 3.04.00' />
  <meta name='ocr-capabilities' content='ocr_page ocr_carea ocr_par ocr_line ocrx_word'/>
</head>
<body>
  <div class='ocr_page' id='page_1' title='image "./pseudoaugustini00soutgoog/pseudoaugustini00soutgoog_0138.png"; bbox 0 0 3275 6434; ppageno 0'>
   <div class='ocr_carea' id='block_1_1' title="bbox 898 644 2862 1106">
    <p class='ocr_par' dir='ltr' id='par_1_1' title="bbox 898 644 2862 1106">
     <span class='ocr_line' id='line_1_1' title="bbox 898 644 2862 1106; baseline 0 0"><span class='ocrx_word' id='word_1_1' title='bbox 898 644 899 1106; x_wconf 95' lang='lat' dir='ltr'><strong> </strong></span> <span class='ocrx_word' id='word_1_2' title='bbox 2861 644 2862 1106; x_wconf 95' lang='lat' dir='ltr'><strong> </strong></span> 
     </span>
    </p>
   </div>
   <div class='ocr_carea' id='block_1_2' title="bbox 468 1511 1951 1582">
    <p class='ocr_par' dir='ltr' id='par_1_2' title="bbox 468 1511 1951 1582">
     <span class='ocr_line' id='line_1_2' title="bbox 468 1511 1951 1582; baseline 0.001 -17"><span class='ocrx_word' id='word_1_3' title='bbox 468 1513 554 1579; x_wconf 82' lang='grc'><strong>96</strong></span> <span class='ocrx_word' id='word_1_4' title='bbox 1249 1511 1450 1566; x_wconf 86' lang='lat' dir='ltr'><strong>Liber</strong></span> <span class='ocrx_word' id='word_1_5' title='bbox 1487 1513 1951 1582; x_wconf 70' lang='lat' dir='ltr'><strong>quaestionum</strong></span> 
     </span>
    </p>
   </div>
   <div class='ocr_carea' id='block_1_3' title="bbox 465 1705 2843 3789">
    <p class='ocr_par' dir='ltr' id='par_1_3' title="bbox 465 1705 2837 2947">
     <span class='ocr_line' id='line_1_3' title="bbox 469 1705 2747 1789; baseline 0 -19"><span class='ocrx_word' id='word_1_6' title='bbox 469 1724 610 1770; x_wconf 86' lang='lat' dir='ltr'><strong>nam</strong></span> <span class='ocrx_word' id='word_1_7' title='bbox 666 1705 947 1769; x_wconf 87' lang='lat' dir='ltr'><strong>saluator</strong></span> <span class='ocrx_word' id='word_1_8' title='bbox 980 1706 1223 1788; x_wconf 86' lang='lat' dir='ltr'><strong>utique.</strong></span> <span class='ocrx_word' id='word_1_9' title='bbox 1271 1725 1412 1771; x_wconf 90' lang='lat' dir='ltr'><strong>cum</strong></span> <span class='ocrx_word' id='word_1_10' title='bbox 1461 1706 1537 1770; x_wconf 89' lang='lat' dir='ltr'><strong>de</strong></span> <span class='ocrx_word' id='word_1_11' title='bbox 1583 1705 1811 1789; x_wconf 85' lang='lat' dir='ltr'><strong>spiritu</strong></span> <span class='ocrx_word' id='word_1_12' title='bbox 1857 1711 2075 1772; x_wconf 84' lang='lat' dir='ltr'><strong>sancto</strong></span> <span class='ocrx_word' id='word_1_13' title='bbox 2113 1707 2411 1785; x_wconf 84' lang='lat' dir='ltr'><strong>nascitur,</strong></span> <span class='ocrx_word' id='word_1_14' title='bbox 2458 1705 2747 1789; x_wconf 82' lang='lat' dir='ltr'><strong>purifica-</strong></span> 
     </span>
     <span class='ocr_line' id='line_1_4' title="bbox 465 1809 2749 1896; baseline 0 -20"><span class='ocrx_word' id='word_1_15' title='bbox 465 1813 606 1876; x_wconf 87' lang='lat' dir='ltr'><strong>tum</strong></span> <span class='ocrx_word' id='word_1_16' title='bbox 653 1827 882 1893; x_wconf 87' lang='lat' dir='ltr'><strong>corpus</strong></span> <span class='ocrx_word' id='word_1_17' title='bbox 927 1809 1172 1881; x_wconf 87' lang='lat' dir='ltr'><strong>babuit.</strong></span> <span class='ocrx_word' id='word_1_18' title='bbox 1217 1810 1433 1877; x_wconf 89' lang='lat' dir='ltr'><strong>unctio</strong></span> <span class='ocrx_word' id='word_1_19' title='bbox 1480 1810 1646 1875; x_wconf 88' lang='lat' dir='ltr'><strong>enim</strong></span> <span class='ocrx_word' id='word_1_20' title='bbox 1684 1812 1850 1876; x_wconf 85' lang='lat' dir='ltr'><strong>carni</strong></span> <span class='ocrx_word' id='word_1_21' title='bbox 1887 1811 2024 1877; x_wconf 85' lang='lat' dir='ltr'><strong>eius</strong></span> <span class='ocrx_word' id='word_1_22' title='bbox 2060 1811 2429 1896; x_wconf 68' lang='lat' dir='ltr'><strong>spiritaliter</strong></span> <span class='ocrx_word' id='word_1_23' title='bbox 2464 1813 2523 1876; x_wconf 90' lang='lat' dir='ltr'><strong>in</strong></span> <span class='ocrx_word' id='word_1_24' title='bbox 2565 1818 2749 1877; x_wconf 76' lang='lat' dir='ltr'><strong>utero</strong></span> 
     </span>
     <span class='ocr_line' id='line_1_5' title="bbox 468 1913 2750 1999; baseline 0.001 -19"><span class='ocrx_word' id='word_1_25' title='bbox 468 1913 616 1980; x_wconf 84' lang='lat' dir='ltr'><strong>data</strong></span> <span class='ocrx_word' id='word_1_26' title='bbox 670 1917 796 1989; x_wconf 69' lang='lat' dir='ltr'><strong>estz</strong></span> <span class='ocrx_word' id='word_1_27' title='bbox 864 1914 1129 1998; x_wconf 87' lang='lat' dir='ltr'><strong>spiritus</strong></span> <span class='ocrx_word' id='word_1_28' title='bbox 1193 1915 1361 1981; x_wconf 89' lang='lat' dir='ltr'><strong>enim</strong></span> <span class='ocrx_word' id='word_1_29' title='bbox 1425 1919 1684 1982; x_wconf 87' lang='lat' dir='ltr'><strong>sanctus</strong></span> <span class='ocrx_word' id='word_1_30' title='bbox 1747 1915 2117 1998; x_wconf 78' lang='lat' dir='ltr'><strong>purificauit</strong></span> <span class='ocrx_word' id='word_1_31' title='bbox 2170 1917 2340 1999; x_wconf 86' lang='lat' dir='ltr'><strong>quod</strong></span> <span class='ocrx_word' id='word_1_32' title='bbox 2403 1916 2478 1982; x_wconf 83' lang='lat' dir='ltr'><strong>de</strong></span> <span class='ocrx_word' id='word_1_33' title='bbox 2542 1918 2750 1982; x_wconf 81' lang='lat' dir='ltr'><strong>Maria</strong></span> 
     </span>
     <span class='ocr_line' id='line_1_6' title="bbox 468 2020 2749 2106; baseline 0.001 -20"><span class='ocrx_word' id='word_1_34' title='bbox 468 2020 713 2106; x_wconf 84' lang='lat' dir='ltr'><strong>uirgine</strong></span> <span class='ocrx_word' id='word_1_35' title='bbox 755 2021 818 2084; x_wconf 89' lang='lat' dir='ltr'><strong>in</strong></span> <span class='ocrx_word' id='word_1_36' title='bbox 865 2039 1092 2102; x_wconf 86' lang='lat' dir='ltr'><strong>corpus</strong></span> <span class='ocrx_word' id='word_1_37' title='bbox 1137 2021 1477 2086; x_wconf 86' lang='lat' dir='ltr'><strong>saluatoris</strong></span> <span class='ocrx_word' id='word_1_38' title='bbox 1523 2020 1810 2104; x_wconf 79' lang='lat' dir='ltr'><strong>profecit.</strong></span> <span class='ocrx_word' id='word_1_39' title='bbox 1858 2024 1924 2088; x_wconf 89' lang='lat' dir='ltr'><strong>et</strong></span> <span class='ocrx_word' id='word_1_40' title='bbox 1956 2021 2112 2087; x_wconf 86' lang='lat' dir='ltr'><strong>haec</strong></span> <span class='ocrx_word' id='word_1_41' title='bbox 2149 2025 2251 2088; x_wconf 88' lang='lat' dir='ltr'><strong>est</strong></span> <span class='ocrx_word' id='word_1_42' title='bbox 2283 2022 2515 2089; x_wconf 79' lang='lat' dir='ltr'><strong>unctio·</strong></span> <span class='ocrx_word' id='word_1_43' title='bbox 2537 2022 2749 2088; x_wconf 79' lang='lat' dir='ltr'><strong>carnis</strong></span> 
     </span>
     <span class='ocr_line' id='line_1_7' title="bbox 469 2124 2837 2210; baseline -0.001 -18"><span class='ocrx_word' id='word_1_44' title='bbox 469 2125 747 2209; x_wconf 89' lang='lat' dir='ltr'><strong>corporis</strong></span> <span class='ocrx_word' id='word_1_45' title='bbox 774 2124 1133 2202; x_wconf 85' lang='lat' dir='ltr'><strong>saluatoris,</strong></span> <span class='ocrx_word' id='word_1_46' title='bbox 1160 2143 1351 2210; x_wconf 88' lang='lat' dir='ltr'><strong>quare</strong></span> <span class='ocrx_word' id='word_1_47' title='bbox 1379 2130 1445 2191; x_wconf 89' lang='lat' dir='ltr'><strong>et</strong></span> <span class='ocrx_word' id='word_1_48' title='bbox 1473 2128 1660 2191; x_wconf 89' lang='lat' dir='ltr'><strong>natus</strong></span> <span class='ocrx_word' id='word_1_49' title='bbox 1690 2126 2024 2193; x_wconf 83' lang='lat' dir='ltr'><strong>‘Christus‘</strong></span> <span class='ocrx_word' id='word_1_50' title='bbox 2041 2129 2145 2192; x_wconf 86' lang='lat' dir='ltr'><strong>est</strong></span> <span class='ocrx_word' id='word_1_51' title='bbox 2170 2127 2547 2210; x_wconf 88' lang='lat' dir='ltr'><strong>appellatus.</strong></span> <span class='ocrx_word' id='word_1_52' title='bbox 2577 2127 2750 2210; x_wconf 85' lang='lat' dir='ltr'><strong>qnod</strong></span> <span class='ocrx_word' id='word_1_53' title='bbox 2807 2144 2837 2189; x_wconf 73' lang='lat' dir='ltr'><strong>s</strong></span> 
     </span>
     <span class='ocr_line' id='line_1_8' title="bbox 469 2229 2749 2315; baseline 0.002 -21"><span class='ocrx_word' id='word_1_54' title='bbox 469 2231 634 2295; x_wconf 88' lang='lat' dir='ltr'><strong>enim</strong></span> <span class='ocrx_word' id='word_1_55' title='bbox 681 2249 793 2313; x_wconf 90' lang='lat' dir='ltr'><strong>per</strong></span> <span class='ocrx_word' id='word_1_56' title='bbox 838 2229 960 2296; x_wconf 89' lang='lat' dir='ltr'><strong>olei</strong></span> <span class='ocrx_word' id='word_1_57' title='bbox 1005 2231 1365 2296; x_wconf 88' lang='lat' dir='ltr'><strong>unctionem</strong></span> <span class='ocrx_word' id='word_1_58' title='bbox 1419 2231 1788 2314; x_wconf 73' lang='lat' dir='ltr'><strong>praestabat</strong></span> <span class='ocrx_word' id='word_1_59' title='bbox 1845 2230 2002 2296; x_wconf 89' lang='lat' dir='ltr'><strong>deus</strong></span> <span class='ocrx_word' id='word_1_60' title='bbox 2066 2231 2416 2297; x_wconf 88' lang='lat' dir='ltr'><strong>ministerio</strong></span> <span class='ocrx_word' id='word_1_61' title='bbox 2474 2232 2749 2315; x_wconf 75' lang='lat' dir='ltr'><strong>profeta-</strong></span> 
     </span>
     <span class='ocr_line' id='line_1_9' title="bbox 469 2335 2748 2429; baseline 0.001 -28"><span class='ocrx_word' id='word_1_62' title='bbox 469 2354 609 2402; x_wconf 88' lang='lat' dir='ltr'><strong>rum</strong></span> <span class='ocrx_word' id='word_1_63' title='bbox 678 2335 800 2413; x_wconf 85' lang='lat' dir='ltr'><strong>his,</strong></span> <span class='ocrx_word' id='word_1_64' title='bbox 859 2337 969 2429; x_wconf 79' lang='lat' dir='ltr'><strong>qui</strong></span> <span class='ocrx_word' id='word_1_65' title='bbox 1022 2336 1087 2401; x_wconf 93' lang='lat' dir='ltr'><strong>in</strong></span> <span class='ocrx_word' id='word_1_66' title='bbox 1139 2354 1322 2422; x_wconf 85' lang='lat' dir='ltr'><strong>reges</strong></span> <span class='ocrx_word' id='word_1_67' title='bbox 1389 2337 1848 2420; x_wconf 80' lang='lat' dir='ltr'><strong>unguebantur,</strong></span> <span class='ocrx_word' id='word_1_68' title='bbox 1912 2336 2033 2403; x_wconf 85' lang='lat' dir='ltr'><strong>hoc</strong></span> <span class='ocrx_word' id='word_1_69' title='bbox 2094 2336 2413 2420; x_wconf 85' lang='lat' dir='ltr'><strong>praestitit</strong></span> <span class='ocrx_word' id='word_1_70' title='bbox 2477 2336 2748 2421; x_wconf 87' lang='lat' dir='ltr'><strong>spiritus</strong></span> 
     </span>
     <span class='ocr_line' id='line_1_10' title="bbox 471 2440 2747 2525; baseline 0.001 -19"><span class='ocrx_word' id='word_1_71' title='bbox 471 2443 729 2506; x_wconf 87' lang='lat' dir='ltr'><strong>sanctus</strong></span> <span class='ocrx_word' id='word_1_72' title='bbox 799 2440 1040 2507; x_wconf 83' lang='lat' dir='ltr'><strong>homini</strong></span> <span class='ocrx_word' id='word_1_73' title='bbox 1111 2441 1365 2509; x_wconf 84' lang='lat' dir='ltr'><strong>Christo</strong></span> <span class='ocrx_word' id='word_1_74' title='bbox 1448 2441 1662 2506; x_wconf 87' lang='lat' dir='ltr'><strong>addita</strong></span> <span class='ocrx_word' id='word_1_75' title='bbox 1742 2442 2113 2525; x_wconf 80' lang='lat' dir='ltr'><strong>expiatione,</strong></span> <span class='ocrx_word' id='word_1_76' title='bbox 2188 2443 2337 2525; x_wconf 82' lang='lat' dir='ltr'><strong>quia</strong></span> <span class='ocrx_word' id='word_1_77' title='bbox 2400 2443 2747 2510; x_wconf 83' lang='lat' dir='ltr'><strong>anteriores</strong></span> 
     </span>
     <span class='ocr_line' id='line_1_11' title="bbox 470 2525 2745 2630; baseline 0 -18"><span class='ocrx_word' id='word_1_78' title='bbox 470 2545 692 2612; x_wconf 84' lang='lat' dir='ltr'><strong>christi</strong></span> <span class='ocrx_word' id='word_1_79' title='bbox 753 2547 954 2612; x_wconf 83' lang='lat' dir='ltr'><strong>solam</strong></span> <span class='ocrx_word' id='word_1_80' title='bbox 1007 2551 1390 2630; x_wconf 87' lang='lat' dir='ltr'><strong>potestatem</strong></span> <span class='ocrx_word' id='word_1_81' title='bbox 1442 2525 1696 2630; x_wconf 74' lang='lat' dir='ltr'><strong>i&#39;mperii</strong></span> <span class='ocrx_word' id='word_1_82' title='bbox 1746 2546 2139 2629; x_wconf 74' lang='lat' dir='ltr'><strong>accipiebant</strong></span> <span class='ocrx_word' id='word_1_83' title='bbox 2194 2565 2306 2630; x_wconf 88' lang='lat' dir='ltr'><strong>per</strong></span> <span class='ocrx_word' id='word_1_84' title='bbox 2355 2549 2745 2615; x_wconf 86' lang='lat' dir='ltr'><strong>unctionem.</strong></span> 
     </span>
     <span class='ocr_line' id='line_1_12' title="bbox 470 2651 2836 2736; baseline -0 -20"><span class='ocrx_word' id='word_1_85' title='bbox 470 2651 752 2717; x_wconf 84' lang='lat' dir='ltr'><strong>saluator</strong></span> <span class='ocrx_word' id='word_1_86' title='bbox 812 2654 1022 2716; x_wconf 85' lang='lat' dir='ltr'><strong>sutem</strong></span> <span class='ocrx_word' id='word_1_87' title='bbox 1088 2655 1153 2717; x_wconf 89' lang='lat' dir='ltr'><strong>et</strong></span> <span class='ocrx_word' id='word_1_88' title='bbox 1214 2656 1590 2736; x_wconf 80' lang='lat' dir='ltr'><strong>potestatem</strong></span> <span class='ocrx_word' id='word_1_89' title='bbox 1650 2652 1894 2736; x_wconf 89' lang='lat' dir='ltr'><strong>accepit</strong></span> <span class='ocrx_word' id='word_1_90' title='bbox 1943 2652 2132 2718; x_wconf 87' lang='lat' dir='ltr'><strong>homo</strong></span> <span class='ocrx_word' id='word_1_91' title='bbox 2186 2653 2381 2718; x_wconf 85' lang='lat' dir='ltr'><strong>&#39;natus</strong></span> <span class='ocrx_word' id='word_1_92' title='bbox 2450 2656 2514 2718; x_wconf 86' lang='lat' dir='ltr'><strong>et</strong></span> <span class='ocrx_word' id='word_1_93' title='bbox 2577 2655 2745 2736; x_wconf 89' lang='lat' dir='ltr'><strong>puri·</strong></span> <span class='ocrx_word' id='word_1_94' title='bbox 2782 2671 2836 2716; x_wconf 84' lang='grc' dir='ltr'><strong>ιο</strong></span> 
     </span>
     <span class='ocr_line' id='line_1_13' title="bbox 469 2756 2745 2842; baseline 0.001 -21"><span class='ocrx_word' id='word_1_95' title='bbox 469 2757 696 2822; x_wconf 85' lang='lat' dir='ltr'><strong>ficatus</strong></span> <span class='ocrx_word' id='word_1_96' title='bbox 742 2760 842 2822; x_wconf 88' lang='lat' dir='ltr'><strong>est</strong></span> <span class='ocrx_word' id='word_1_97' title='bbox 883 2762 1092 2822; x_wconf 87' lang='lat' dir='ltr'><strong>natus.</strong></span> <span class='ocrx_word' id='word_1_98' title='bbox 1135 2757 1554 2842; x_wconf 85' lang='lat' dir='ltr'><strong>incongruum</strong></span> <span class='ocrx_word' id='word_1_99' title='bbox 1601 2758 1767 2822; x_wconf 88' lang='lat' dir='ltr'><strong>enim</strong></span> <span class='ocrx_word' id='word_1_100' title='bbox 1816 2761 1967 2821; x_wconf 81' lang='lat' dir='ltr'><strong>erat.</strong></span> <span class='ocrx_word' id='word_1_101' title='bbox 2018 2759 2089 2822; x_wconf 87' lang='lat' dir='ltr'><strong>ut</strong></span> <span class='ocrx_word' id='word_1_102' title='bbox 2137 2756 2234 2821; x_wconf 87' lang='lat' dir='ltr'><strong>dei</strong></span> <span class='ocrx_word' id='word_1_103' title='bbox 2283 2757 2453 2822; x_wconf 77' lang='lat' dir='ltr'><strong>tilius</strong></span> <span class='ocrx_word' id='word_1_104' title='bbox 2501 2759 2563 2822; x_wconf 91' lang='lat' dir='ltr'><strong>in</strong></span> <span class='ocrx_word' id='word_1_105' title='bbox 2616 2779 2745 2825; x_wconf 86' lang='lat' dir='ltr'><strong>cor-</strong></span> 
     </span>
     <span class='ocr_line' id='line_1_14' title="bbox 471 2861 1672 2947; baseline -0.001 -18"><span class='ocrx_word' id='word_1_106' title='bbox 471 2881 621 2945; x_wconf 89' lang='lat' dir='ltr'><strong>pore</strong></span> <span class='ocrx_word' id='word_1_107' title='bbox 665 2864 941 2947; x_wconf 84' lang='lat' dir='ltr'><strong>peccatis</strong></span> <span class='ocrx_word' id='word_1_108' title='bbox 989 2861 1245 2928; x_wconf 90' lang='lat' dir='ltr'><strong>subdito</strong></span> <span class='ocrx_word' id='word_1_109' title='bbox 1291 2866 1672 2928; x_wconf 82' lang='lat' dir='ltr'><strong>nasceretur.</strong></span> 
     </span>
    </p>

    <p class='ocr_par' dir='ltr' id='par_1_4' title="bbox 465 2967 2843 3789">
     <span class='ocr_line' id='line_1_15' title="bbox 562 2967 2745 3053; baseline 0.001 -22"><span class='ocrx_word' id='word_1_110' title='bbox 562 2968 619 3032; x_wconf 85' lang='lat'><strong>2.</strong></span> <span class='ocrx_word' id='word_1_111' title='bbox 663 2967 957 3033; x_wconf 79' lang='lat' dir='ltr'><strong>Hominis</strong></span> <span class='ocrx_word' id='word_1_112' title='bbox 1013 2986 1160 3053; x_wconf 85' lang='lat' dir='ltr'><strong>ergo</strong></span> <span class='ocrx_word' id='word_1_113' title='bbox 1219 2986 1475 3033; x_wconf 86' lang='lat' dir='ltr'><strong>causam</strong></span> <span class='ocrx_word' id='word_1_114' title='bbox 1522 2968 1878 3050; x_wconf 86' lang='lat' dir='ltr'><strong>suscipiens</strong></span> <span class='ocrx_word' id='word_1_115' title='bbox 1936 2972 2001 3032; x_wconf 88' lang='lat' dir='ltr'><strong>et</strong></span> <span class='ocrx_word' id='word_1_116' title='bbox 2051 2987 2163 3052; x_wconf 84' lang='lat' dir='ltr'><strong>per</strong></span> <span class='ocrx_word' id='word_1_117' title='bbox 2206 2969 2745 3052; x_wconf 83' lang='lat' dir='ltr'><strong>regenerationem</strong></span> 
     </span>
     <span class='ocr_line' id='line_1_16' title="bbox 472 3071 2745 3156; baseline 0 -18"><span class='ocrx_word' id='word_1_118' title='bbox 472 3073 636 3138; x_wconf 83' lang='lat' dir='ltr'><strong>filios</strong></span> <span class='ocrx_word' id='word_1_119' title='bbox 684 3072 785 3137; x_wconf 90' lang='lat' dir='ltr'><strong>dei</strong></span> <span class='ocrx_word' id='word_1_120' title='bbox 827 3073 961 3138; x_wconf 84' lang='lat' dir='ltr'><strong>fieri</strong></span> <span class='ocrx_word' id='word_1_121' title='bbox 1009 3073 1239 3138; x_wconf 88' lang='lat' dir='ltr'><strong>docens</strong></span> <span class='ocrx_word' id='word_1_122' title='bbox 1275 3073 1580 3156; x_wconf 81' lang='lat' dir='ltr'><strong>baptizari</strong></span> <span class='ocrx_word' id='word_1_123' title='bbox 1619 3072 1859 3151; x_wconf 87' lang='lat' dir='ltr'><strong>debuit,</strong></span> <span class='ocrx_word' id='word_1_124' title='bbox 1897 3075 1971 3138; x_wconf 91' lang='lat' dir='ltr'><strong>ut</strong></span> <span class='ocrx_word' id='word_1_125' title='bbox 2004 3071 2066 3137; x_wconf 89' lang='lat' dir='ltr'><strong>in</strong></span> <span class='ocrx_word' id='word_1_126' title='bbox 2107 3092 2175 3138; x_wconf 88' lang='lat' dir='ltr'><strong>se</strong></span> <span class='ocrx_word' id='word_1_127' title='bbox 2214 3072 2333 3140; x_wconf 89' lang='lat' dir='ltr'><strong>hoc</strong></span> <span class='ocrx_word' id='word_1_128' title='bbox 2379 3073 2745 3140; x_wconf 76' lang='lat' dir='ltr'><strong>ostenderet</strong></span> 
     </span>
     <span class='ocr_line' id='line_1_17' title="bbox 465 3177 2841 3261; baseline -0.001 -19"><span class='ocrx_word' id='word_1_129' title='bbox 465 3183 691 3243; x_wconf 85' lang='lat' dir='ltr'><strong>ratum.</strong></span> <span class='ocrx_word' id='word_1_130' title='bbox 729 3178 912 3243; x_wconf 84' lang='lat' dir='ltr'><strong>facile</strong></span> <span class='ocrx_word' id='word_1_131' title='bbox 961 3177 1124 3242; x_wconf 89' lang='lat' dir='ltr'><strong>enim</strong></span> <span class='ocrx_word' id='word_1_132' title='bbox 1162 3178 1498 3261; x_wconf 86' lang='lat' dir='ltr'><strong>probatum</strong></span> <span class='ocrx_word' id='word_1_133' title='bbox 1536 3178 1807 3243; x_wconf 85' lang='lat' dir='ltr'><strong>habetur</strong></span> <span class='ocrx_word' id='word_1_134' title='bbox 1843 3181 1905 3242; x_wconf 88' lang='lat' dir='ltr'><strong>et</strong></span> <span class='ocrx_word' id='word_1_135' title='bbox 1942 3179 2244 3244; x_wconf 80' lang='lat' dir='ltr'><strong>suadetur</strong></span> <span class='ocrx_word' id='word_1_136' title='bbox 2281 3178 2448 3261; x_wconf 90' lang='lat' dir='ltr'><strong>quod</strong></span> <span class='ocrx_word' id='word_1_137' title='bbox 2485 3179 2743 3253; x_wconf 80' lang='lat' dir='ltr'><strong>dicitur,</strong></span> <span class='ocrx_word' id='word_1_138' title='bbox 2785 3198 2841 3241; x_wconf 70' lang='grc' dir='ltr'><strong>ιε,</strong></span> 
     </span>
     <span class='ocr_line' id='line_1_18' title="bbox 467 3283 2745 3371; baseline 0 -21"><span class='ocrx_word' id='word_1_139' title='bbox 467 3284 524 3350; x_wconf 87' lang='lat' dir='ltr'><strong>si</strong></span> <span class='ocrx_word' id='word_1_140' title='bbox 568 3302 606 3350; x_wconf 91' lang='lat' dir='ltr'><strong>a</strong></span> <span class='ocrx_word' id='word_1_141' title='bbox 648 3283 953 3368; x_wconf 85' lang='lat' dir='ltr'><strong>magistro</strong></span> <span class='ocrx_word' id='word_1_142' title='bbox 997 3283 1133 3349; x_wconf 83' lang='lat' dir='ltr'><strong>fieri</strong></span> <span class='ocrx_word' id='word_1_143' title='bbox 1188 3283 1498 3350; x_wconf 86' lang='lat' dir='ltr'><strong>uideatur.</strong></span> <span class='ocrx_word' id='word_1_144' title='bbox 1546 3285 1639 3350; x_wconf 84' lang='lat' dir='ltr'><strong>sic</strong></span> <span class='ocrx_word' id='word_1_145' title='bbox 1695 3285 1916 3366; x_wconf 86' lang='lat' dir='ltr'><strong>utique</strong></span> <span class='ocrx_word' id='word_1_146' title='bbox 1970 3290 2037 3349; x_wconf 92' lang='lat' dir='ltr'><strong>et</strong></span> <span class='ocrx_word' id='word_1_147' title='bbox 2100 3285 2410 3350; x_wconf 88' lang='lat' dir='ltr'><strong>uirtutum</strong></span> <span class='ocrx_word' id='word_1_148' title='bbox 2466 3286 2745 3371; x_wconf 81' lang='lat' dir='ltr'><strong>insignia</strong></span> 
     </span>
     <span class='ocr_line' id='line_1_19' title="bbox 469 3388 2747 3475; baseline 0 -20"><span class='ocrx_word' id='word_1_149' title='bbox 469 3389 752 3472; x_wconf 85' lang='lat' dir='ltr'><strong>oportuit</strong></span> <span class='ocrx_word' id='word_1_150' title='bbox 775 3388 933 3466; x_wconf 81' lang='lat' dir='ltr'><strong>fieri,</strong></span> <span class='ocrx_word' id='word_1_151' title='bbox 961 3392 1038 3455; x_wconf 87' lang='lat' dir='ltr'><strong>ut</strong></span> <span class='ocrx_word' id='word_1_152' title='bbox 1068 3389 1193 3454; x_wconf 86' lang='lat' dir='ltr'><strong>iam</strong></span> <span class='ocrx_word' id='word_1_153' title='bbox 1230 3389 1404 3454; x_wconf 85' lang='lat' dir='ltr'><strong>filius</strong></span> <span class='ocrx_word' id='word_1_154' title='bbox 1443 3388 1543 3455; x_wconf 90' lang='lat' dir='ltr'><strong>dei</strong></span> <span class='ocrx_word' id='word_1_155' title='bbox 1579 3408 1884 3473; x_wconf 86' lang='lat' dir='ltr'><strong>apparens</strong></span> <span class='ocrx_word' id='word_1_156' title='bbox 1930 3409 2041 3473; x_wconf 89' lang='lat' dir='ltr'><strong>per</strong></span> <span class='ocrx_word' id='word_1_157' title='bbox 2078 3390 2449 3473; x_wconf 79' lang='lat' dir='ltr'><strong>mysterium</strong></span> <span class='ocrx_word' id='word_1_158' title='bbox 2489 3410 2747 3475; x_wconf 84' lang='lat' dir='ltr'><strong>regene-</strong></span> 
     </span>
     <span class='ocr_line' id='line_1_20' title="bbox 466 3494 2747 3579; baseline -0.001 -19"><span class='ocrx_word' id='word_1_159' title='bbox 466 3495 731 3560; x_wconf 81' lang='lat' dir='ltr'><strong>rationis</strong></span> <span class='ocrx_word' id='word_1_160' title='bbox 767 3494 1099 3560; x_wconf 84' lang='lat' dir='ltr'><strong>medellam</strong></span> <span class='ocrx_word' id='word_1_161' title='bbox 1140 3495 1318 3561; x_wconf 81' lang='lat' dir='ltr'><strong>daret</strong></span> <span class='ocrx_word' id='word_1_162' title='bbox 1352 3495 1667 3579; x_wconf 87' lang='lat' dir='ltr'><strong>corporeis</strong></span> <span class='ocrx_word' id='word_1_163' title='bbox 1704 3495 2129 3578; x_wconf 56' lang='lat' dir='ltr'><strong>passionibus„</strong></span> <span class='ocrx_word' id='word_1_164' title='bbox 2159 3499 2232 3560; x_wconf 91' lang='lat' dir='ltr'><strong>ut</strong></span> <span class='ocrx_word' id='word_1_165' title='bbox 2258 3496 2543 3578; x_wconf 83' lang='lat' dir='ltr'><strong>exemplo</strong></span> <span class='ocrx_word' id='word_1_166' title='bbox 2572 3502 2747 3561; x_wconf 85' lang='lat' dir='ltr'><strong>esset</strong></span> 
     </span>
     <span class='ocr_line' id='line_1_21' title="bbox 468 3599 2746 3683; baseline 0 -17"><span class='ocrx_word' id='word_1_167' title='bbox 468 3599 703 3667; x_wconf 82' lang='lat' dir='ltr'><strong>futuris</strong></span> <span class='ocrx_word' id='word_1_168' title='bbox 747 3600 1071 3679; x_wconf 71' lang='lat' dir='ltr'><strong>iratribus,</strong></span> <span class='ocrx_word' id='word_1_169' title='bbox 1133 3600 1284 3682; x_wconf 88' lang='lat' dir='ltr'><strong>quia</strong></span> <span class='ocrx_word' id='word_1_170' title='bbox 1334 3618 1445 3682; x_wconf 88' lang='lat' dir='ltr'><strong>per</strong></span> <span class='ocrx_word' id='word_1_171' title='bbox 1489 3600 2023 3683; x_wconf 80' lang='lat' dir='ltr'><strong>regenerationem</strong></span> <span class='ocrx_word' id='word_1_172' title='bbox 2082 3600 2313 3682; x_wconf 76' lang='lat' dir='ltr'><strong>accipit</strong></span> <span class='ocrx_word' id='word_1_173' title='bbox 2358 3619 2524 3665; x_wconf 88' lang='lat' dir='ltr'><strong>unus</strong></span> <span class='ocrx_word' id='word_1_174' title='bbox 2572 3601 2746 3683; x_wconf 85' lang='lat' dir='ltr'><strong>quis·</strong></span> 
     </span>
     <span class='ocr_line' id='line_1_22' title="bbox 469 3706 2843 3789; baseline -0.002 -17"><span class='ocrx_word' id='word_1_175' title='bbox 469 3725 591 3789; x_wconf 88' lang='lat' dir='ltr'><strong>que</strong></span> <span class='ocrx_word' id='word_1_176' title='bbox 635 3709 1018 3789; x_wconf 84' lang='lat' dir='ltr'><strong>potestatem</strong></span> <span class='ocrx_word' id='word_1_177' title='bbox 1067 3706 1348 3770; x_wconf 78' lang='lat' dir='ltr'><strong>uirtutis,</strong></span> <span class='ocrx_word' id='word_1_178' title='bbox 2786 3723 2843 3767; x_wconf 72' lang='lat' dir='ltr'><strong>so</strong></span> 
     </span>
    </p>
   </div>
   <div class='ocr_carea' id='block_1_4' title="bbox 468 3894 2748 4171">
    <p class='ocr_par' dir='ltr' id='par_1_5' title="bbox 468 3894 2748 4171">
     <span class='ocr_line' id='line_1_23' title="bbox 468 3894 2744 3972; baseline -0.001 -9"><span class='ocrx_word' id='word_1_179' title='bbox 468 3897 534 3963; x_wconf 82' lang='lat' dir='ltr'><strong>L.</strong></span> <span class='ocrx_word' id='word_1_180' title='bbox 581 3894 660 3963; x_wconf 78' lang='lat' dir='ltr'><strong>Sl</strong></span> <span class='ocrx_word' id='word_1_181' title='bbox 702 3895 905 3961; x_wconf 70' lang='lat'><em>1131020</em></span> <span class='ocrx_word' id='word_1_182' title='bbox 955 3895 1393 3962; x_wconf 69' lang='lat' dir='ltr'><strong>SALUATOR</strong></span> <span class='ocrx_word' id='word_1_183' title='bbox 1426 3895 1944 3960; x_wconf 75' lang='lat' dir='ltr'><strong>BAP&#39;l&#39;lZATUS</strong></span> <span class='ocrx_word' id='word_1_184' title='bbox 1983 3895 2156 3972; x_wconf 75' lang='lat' dir='ltr'>EST,</span> <span class='ocrx_word' id='word_1_185' title='bbox 2202 3896 2305 3960; x_wconf 82' lang='lat' dir='ltr'><strong>UT</strong></span> <span class='ocrx_word' id='word_1_186' title='bbox 2342 3895 2744 3961; x_wconf 70' lang='lat' dir='ltr'><strong>ExssMPLo</strong></span> 
     </span>
     <span class='ocr_line' id='line_1_24' title="bbox 468 3998 2748 4081; baseline 0 -15"><span class='ocrx_word' id='word_1_187' title='bbox 468 4001 741 4077; x_wconf 70' lang='lat' dir='ltr'>ESSET,</span> <span class='ocrx_word' id='word_1_188' title='bbox 771 3999 1051 4081; x_wconf 72' lang='lat' dir='ltr'><strong>QUARE·</strong></span> <span class='ocrx_word' id='word_1_189' title='bbox 1090 4000 1163 4064; x_wconf 79' lang='lat'><strong>01</strong></span> <span class='ocrx_word' id='word_1_190' title='bbox 1179 3998 1652 4067; x_wconf 70' lang='lat' dir='ltr'>RCUMCISUS</span> <span class='ocrx_word' id='word_1_191' title='bbox 1682 3998 2052 4066; x_wconf 78' lang='lat' dir='ltr'>CETEROS</span> <span class='ocrx_word' id='word_1_192' title='bbox 2082 3999 2547 4065; x_wconf 70' lang='lat' dir='ltr'><strong>Pssofflssm‘r</strong></span> <span class='ocrx_word' id='word_1_193' title='bbox 2576 3999 2748 4067; x_wconf 69' lang='lat' dir='ltr'><strong>cnt-</strong></span> 
     </span>
     <span class='ocr_line' id='line_1_25' title="bbox 1409 4104 1811 4171; baseline -0.007 0"><span class='ocrx_word' id='word_1_194' title='bbox 1409 4104 1811 4171; x_wconf 75' lang='lat' dir='ltr'>CUMCIDI?</span> 
     </span>
    </p>
   </div>
   <div class='ocr_carea' id='block_1_5' title="bbox 467 4245 2836 4647">
    <p class='ocr_par' dir='ltr' id='par_1_6' title="bbox 467 4245 2836 4647">
     <span class='ocr_line' id='line_1_26' title="bbox 557 4245 2746 4331; baseline -0 -18"><span class='ocrx_word' id='word_1_195' title='bbox 557 4247 969 4313; x_wconf 79' lang='lat' dir='ltr'><strong>circumcisio</strong></span> <span class='ocrx_word' id='word_1_196' title='bbox 1013 4247 1336 4331; x_wconf 79' lang='lat' dir='ltr'><strong>praeteriti</strong></span> <span class='ocrx_word' id='word_1_197' title='bbox 1377 4246 1684 4329; x_wconf 85' lang='lat' dir='ltr'><strong>temporis</strong></span> <span class='ocrx_word' id='word_1_198' title='bbox 1729 4245 2095 4311; x_wconf 85' lang='lat' dir='ltr'><strong>mandatum</strong></span> <span class='ocrx_word' id='word_1_199' title='bbox 2144 4250 2263 4324; x_wconf 72' lang='lat' dir='ltr'><strong>est‚</strong></span> <span class='ocrx_word' id='word_1_200' title='bbox 2311 4265 2501 4328; x_wconf 82' lang='lat' dir='ltr'><strong>quam</strong></span> <span class='ocrx_word' id='word_1_201' title='bbox 2537 4266 2746 4330; x_wconf 81' lang='lat' dir='ltr'><strong>usque</strong></span> 
     </span>
     <span class='ocr_line' id='line_1_27' title="bbox 468 4349 2836 4436; baseline -0 -17"><span class='ocrx_word' id='word_1_202' title='bbox 468 4353 549 4419; x_wconf 90' lang='lat' dir='ltr'><strong>ad</strong></span> <span class='ocrx_word' id='word_1_203' title='bbox 594 4352 918 4418; x_wconf 84' lang='lat' dir='ltr'><strong>Christum</strong></span> <span class='ocrx_word' id='word_1_204' title='bbox 963 4353 1247 4436; x_wconf 90' lang='lat' dir='ltr'><strong>oportuit</strong></span> <span class='ocrx_word' id='word_1_205' title='bbox 1288 4352 1516 4417; x_wconf 86' lang='lat' dir='ltr'><strong>habere</strong></span> <span class='ocrx_word' id='word_1_206' title='bbox 1562 4349 2029 4432; x_wconf 85' lang='lat' dir='ltr'><strong>auctoritatem,</strong></span> <span class='ocrx_word' id='word_1_207' title='bbox 2076 4358 2149 4416; x_wconf 92' lang='lat' dir='ltr'><strong>ut</strong></span> <span class='ocrx_word' id='word_1_208' title='bbox 2196 4356 2324 4417; x_wconf 88' lang='lat' dir='ltr'><strong>tam</strong></span> <span class='ocrx_word' id='word_1_209' title='bbox 2372 4350 2480 4417; x_wconf 91' lang='lat' dir='ltr'><strong>diu</strong></span> <span class='ocrx_word' id='word_1_210' title='bbox 2536 4370 2745 4418; x_wconf 85' lang='lat' dir='ltr'><strong>curre-</strong></span> <span class='ocrx_word' id='word_1_211' title='bbox 2780 4380 2836 4425; x_wconf 58' lang='grc' dir='ltr'><strong>ιν,</strong></span> 
     </span>
     <span class='ocr_line' id='line_1_28' title="bbox 467 4455 2744 4542; baseline -0.002 -18"><span class='ocrx_word' id='word_1_212' title='bbox 467 4463 584 4538; x_wconf 85' lang='lat' dir='ltr'><strong>ret,</strong></span> <span class='ocrx_word' id='word_1_213' title='bbox 631 4477 819 4542; x_wconf 83' lang='lat' dir='ltr'><strong>quam</strong></span> <span class='ocrx_word' id='word_1_214' title='bbox 867 4458 977 4522; x_wconf 92' lang='lat' dir='ltr'><strong>diu</strong></span> <span class='ocrx_word' id='word_1_215' title='bbox 1024 4456 1312 4523; x_wconf 87' lang='lat' dir='ltr'><strong>Christus</strong></span> <span class='ocrx_word' id='word_1_216' title='bbox 1359 4461 1721 4522; x_wconf 82' lang='lat' dir='ltr'><strong>nasceretur</strong></span> <span class='ocrx_word' id='word_1_217' title='bbox 1771 4457 2124 4538; x_wconf 87' lang='lat' dir='ltr'><strong>promissus</strong></span> <span class='ocrx_word' id='word_1_218' title='bbox 2169 4456 2478 4535; x_wconf 78' lang='lat' dir='ltr'><strong>Abrahae,</strong></span> <span class='ocrx_word' id='word_1_219' title='bbox 2535 4460 2612 4522; x_wconf 90' lang='lat' dir='ltr'><strong>ut</strong></span> <span class='ocrx_word' id='word_1_220' title='bbox 2662 4455 2744 4521; x_wconf 87' lang='lat' dir='ltr'><strong>de</strong></span> 
     </span>
     <span class='ocr_line' id='line_1_29' title="bbox 468 4561 2743 4647; baseline -0.002 -16"><span class='ocrx_word' id='word_1_221' title='bbox 468 4570 677 4631; x_wconf 88' lang='lat' dir='ltr'><strong>cetero</strong></span> <span class='ocrx_word' id='word_1_222' title='bbox 750 4567 1027 4629; x_wconf 80' lang='lat' dir='ltr'><strong>cessaret</strong></span> <span class='ocrx_word' id='word_1_223' title='bbox 1100 4561 1497 4628; x_wconf 87' lang='lat' dir='ltr'><strong>circumcisio</strong></span> <span class='ocrx_word' id='word_1_224' title='bbox 1571 4561 1988 4645; x_wconf 87' lang='lat' dir='ltr'><strong>promissione</strong></span> <span class='ocrx_word' id='word_1_225' title='bbox 2053 4562 2333 4644; x_wconf 86' lang='lat' dir='ltr'><strong>impleta.</strong></span> <span class='ocrx_word' id='word_1_226' title='bbox 2409 4561 2473 4626; x_wconf 93' lang='lat' dir='ltr'><strong>in</strong></span> <span class='ocrx_word' id='word_1_227' title='bbox 2538 4563 2743 4647; x_wconf 79' lang='lat' dir='ltr'><strong>figura</strong></span> 
     </span>
    </p>
   </div>
   <div class='ocr_carea' id='block_1_6' title="bbox 647 4717 1179 4785">
    <p class='ocr_par' dir='ltr' id='par_1_7' title="bbox 647 4717 1179 4785">
     <span class='ocr_line' id='line_1_30' title="bbox 647 4717 1179 4785; baseline -0.008 -11"><span class='ocrx_word' id='word_1_228' title='bbox 647 4719 717 4774; x_wconf 83' lang='lat'><strong>22</strong></span> <span class='ocrx_word' id='word_1_229' title='bbox 754 4717 824 4773; x_wconf 74' lang='lat' dir='ltr'><strong>cf.</strong></span> <span class='ocrx_word' id='word_1_230' title='bbox 858 4717 989 4772; x_wconf 83' lang='lat' dir='ltr'><strong>Luc.</strong></span> <span class='ocrx_word' id='word_1_231' title='bbox 1024 4718 1078 4785; x_wconf 82' lang='lat'><strong>2,</strong></span> <span class='ocrx_word' id='word_1_232' title='bbox 1117 4720 1179 4771; x_wconf 75' lang='lat'><strong>21</strong></span> 
     </span>
    </p>
   </div>
   <div class='ocr_carea' id='block_1_7' title="bbox 292 4837 2742 4918">
    <p class='ocr_par' dir='ltr' id='par_1_8' title="bbox 292 4837 2742 4918">
     <span class='ocr_line' id='line_1_31' title="bbox 292 4837 2742 4918; baseline -0.003 -16"><span class='ocrx_word' id='word_1_233' title='bbox 292 4848 467 4918; x_wconf 62' lang='lat'><em>«141¹</em></span> <span class='ocrx_word' id='word_1_234' title='bbox 537 4843 570 4897; x_wconf 83' lang='lat'><strong>2</strong></span> <span class='ocrx_word' id='word_1_235' title='bbox 606 4837 772 4912; x_wconf 84' lang='lat' dir='ltr'><strong>enim]</strong></span> <span class='ocrx_word' id='word_1_236' title='bbox 808 4866 858 4893; x_wconf 63' lang='lat' dir='ltr'><strong>u</strong></span> <span class='ocrx_word' id='word_1_237' title='bbox 896 4841 963 4895; x_wconf 99' lang='grc' dir='ltr'><em>Ν</em></span> <span class='ocrx_word' id='word_1_238' title='bbox 1104 4840 1423 4910; x_wconf 80' lang='lat' dir='ltr'><strong>spiritaliter</strong></span> <span class='ocrx_word' id='word_1_239' title='bbox 1458 4865 1578 4892; x_wconf 62' lang='lat' dir='ltr'><strong>m*-</strong></span> <span class='ocrx_word' id='word_1_240' title='bbox 1617 4840 1684 4894; x_wconf 90' lang='grc' dir='ltr'><em>Ν</em></span> <span class='ocrx_word' id='word_1_241' title='bbox 1800 4843 1834 4894; x_wconf 76' lang='grc'>3</span> <span class='ocrx_word' id='word_1_242' title='bbox 1870 4848 2087 4895; x_wconf 79' lang='lat' dir='ltr'><strong>sanctus</strong></span> <span class='ocrx_word' id='word_1_243' title='bbox 2126 4841 2267 4894; x_wconf 82' lang='lat' dir='ltr'><strong>enim</strong></span> <span class='ocrx_word' id='word_1_244' title='bbox 2310 4840 2415 4895; x_wconf 76' lang='grc' dir='ltr'><strong>ΘΛ</strong></span> <span class='ocrx_word' id='word_1_245' title='bbox 2545 4841 2580 4894; x_wconf 80' lang='grc'><strong>4</strong></span> <span class='ocrx_word' id='word_1_246' title='bbox 2616 4859 2742 4912; x_wconf 85' lang='lat' dir='ltr'><strong>pro-</strong></span> 
     </span>
    </p>
   </div>
   <div class='ocr_carea' id='block_1_8' title="bbox 465 4927 2747 5442">
    <p class='ocr_par' dir='ltr' id='par_1_9' title="bbox 465 4927 2747 5442">
     <span class='ocr_line' id='line_1_32' title="bbox 468 4927 2747 4998; baseline -0.002 -11"><span class='ocrx_word' id='word_1_247' title='bbox 468 4930 585 4986; x_wconf 76' lang='lat' dir='ltr'><strong>ficit</strong></span> <span class='ocrx_word' id='word_1_248' title='bbox 621 4928 778 4984; x_wconf 67' lang='lat'><strong>0021</strong></span> <span class='ocrx_word' id='word_1_249' title='bbox 929 4933 1016 4984; x_wconf 82' lang='lat' dir='ltr'><strong>est</strong></span> <span class='ocrx_word' id='word_1_250' title='bbox 1049 4929 1233 4983; x_wconf 87' lang='lat' dir='ltr'><strong>unctio</strong></span> <span class='ocrx_word' id='word_1_251' title='bbox 1270 4944 1334 4983; x_wconf 85' lang='lat' dir='ltr'><strong>ca</strong></span> <span class='ocrx_word' id='word_1_252' title='bbox 1371 4928 1541 4983; x_wconf 69' lang='lat' dir='ltr'><strong>utam</strong></span> <span class='ocrx_word' id='word_1_253' title='bbox 1580 4927 1758 4983; x_wconf 78' lang='lat' dir='ltr'><strong>deleta</strong></span> <span class='ocrx_word' id='word_1_254' title='bbox 1798 4927 1847 4981; x_wconf 81' lang='lat' dir='ltr'><em>C</em></span> <span class='ocrx_word' id='word_1_255' title='bbox 1984 4928 2018 4978; x_wconf 78' lang='grc'>5</span> <span class='ocrx_word' id='word_1_256' title='bbox 2055 4927 2385 4998; x_wconf 79' lang='lat' dir='ltr'><strong>appellatus]</strong></span> <span class='ocrx_word' id='word_1_257' title='bbox 2424 4945 2483 4985; x_wconf 84' lang='lat' dir='ltr'><strong>se</strong></span> <span class='ocrx_word' id='word_1_258' title='bbox 2521 4927 2654 4986; x_wconf 73' lang='lat' dir='ltr'><strong>aad.</strong></span> <span class='ocrx_word' id='word_1_259' title='bbox 2698 4930 2747 4983; x_wconf 78' lang='lat' dir='ltr'><strong><em>G</em></strong></span> 
     </span>
     <span class='ocr_line' id='line_1_33' title="bbox 465 5015 2743 5087; baseline 0 -14"><span class='ocrx_word' id='word_1_260' title='bbox 465 5020 501 5077; x_wconf 71' lang='lat'>0</span> <span class='ocrx_word' id='word_1_261' title='bbox 533 5018 890 5073; x_wconf 59' lang='lat' dir='ltr'><strong>”ministerio</strong></span> <span class='ocrx_word' id='word_1_262' title='bbox 916 5015 979 5073; x_wconf 87' lang='grc' dir='ltr'><em>Ν</em></span> <span class='ocrx_word' id='word_1_263' title='bbox 1047 5018 1078 5071; x_wconf 83' lang='grc'><strong>7</strong></span> <span class='ocrx_word' id='word_1_264' title='bbox 1116 5017 1458 5087; x_wconf 75' lang='lat' dir='ltr'><strong>angebantur</strong></span> <span class='ocrx_word' id='word_1_265' title='bbox 1483 5017 1559 5082; x_wconf 88' lang='grc' dir='ltr'><strong>Ν,</strong></span> <span class='ocrx_word' id='word_1_266' title='bbox 1579 5019 1632 5071; x_wconf 81' lang='grc' dir='ltr'><strong><em>Α</em></strong></span> <span class='ocrx_word' id='word_1_267' title='bbox 1668 5017 1829 5086; x_wconf 80' lang='lat' dir='ltr'><strong>(corr.</strong></span> <span class='ocrx_word' id='word_1_268' title='bbox 1863 5020 1980 5085; x_wconf 63' lang='lat'><strong>2⁹⁸2,</strong></span> <span class='ocrx_word' id='word_1_269' title='bbox 2059 5017 2126 5072; x_wconf 88' lang='lat'><strong>10</strong></span> <span class='ocrx_word' id='word_1_270' title='bbox 2163 5021 2220 5072; x_wconf 86' lang='lat' dir='ltr'><strong>et</strong></span> <span class='ocrx_word' id='word_1_271' title='bbox 2244 5015 2359 5086; x_wconf 57' lang='grc' dir='ltr'><strong>χιιι]</strong></span> <span class='ocrx_word' id='word_1_272' title='bbox 2398 5032 2461 5071; x_wconf 85' lang='lat' dir='ltr'><strong>ex</strong></span> <span class='ocrx_word' id='word_1_273' title='bbox 2501 5017 2646 5083; x_wconf 74' lang='lat' dir='ltr'><strong>0,A</strong></span> <span class='ocrx_word' id='word_1_274' title='bbox 2669 5017 2743 5086; x_wconf 66' lang='lat' dir='ltr'><strong>(e,</strong></span> 
     </span>
     <span class='ocr_line' id='line_1_34' title="bbox 465 5103 2741 5178; baseline -0 -17"><span class='ocrx_word' id='word_1_275' title='bbox 465 5109 740 5178; x_wconf 75' lang='lat' dir='ltr'><strong>potestate</strong></span> <span class='ocrx_word' id='word_1_276' title='bbox 778 5105 887 5161; x_wconf 72' lang='lat' dir='ltr'><strong>GA</strong></span> <span class='ocrx_word' id='word_1_277' title='bbox 1001 5106 1207 5175; x_wconf 82' lang='lat' dir='ltr'><strong>accipit</strong></span> <span class='ocrx_word' id='word_1_278' title='bbox 1231 5103 1298 5159; x_wconf 88' lang='grc' dir='ltr'><em>Ν</em></span> <span class='ocrx_word' id='word_1_279' title='bbox 1412 5104 1477 5160; x_wconf 81' lang='lat'><strong>18</strong></span> <span class='ocrx_word' id='word_1_280' title='bbox 1513 5104 1812 5176; x_wconf 78' lang='lat' dir='ltr'><strong>suspiciens</strong></span> <span class='ocrx_word' id='word_1_281' title='bbox 1837 5104 1907 5158; x_wconf 81' lang='lat' dir='ltr'><em>M</em></span> <span class='ocrx_word' id='word_1_282' title='bbox 2015 5105 2081 5159; x_wconf 79' lang='lat'><strong>14</strong></span> <span class='ocrx_word' id='word_1_283' title='bbox 2120 5107 2178 5159; x_wconf 85' lang='lat' dir='ltr'><strong>et</strong></span> <span class='ocrx_word' id='word_1_284' title='bbox 2210 5103 2478 5176; x_wconf 76' lang='lat' dir='ltr'><strong>baptisari</strong></span> <span class='ocrx_word' id='word_1_285' title='bbox 2513 5104 2575 5160; x_wconf 83' lang='lat' dir='ltr'><em>X</em></span> <span class='ocrx_word' id='word_1_286' title='bbox 2680 5123 2741 5160; x_wconf 75' lang='lat' dir='ltr'><strong>se</strong></span> 
     </span>
     <span class='ocr_line' id='line_1_35' title="bbox 465 5191 2743 5262; baseline -0 -12"><span class='ocrx_word' id='word_1_287' title='bbox 465 5211 607 5250; x_wconf 57' lang='grc' dir='ltr'><strong>κω.</strong></span> <span class='ocrx_word' id='word_1_288' title='bbox 637 5193 687 5250; x_wconf 81' lang='grc'><em>0</em></span> <span class='ocrx_word' id='word_1_289' title='bbox 762 5194 830 5250; x_wconf 83' lang='lat'><strong>15</strong></span> <span class='ocrx_word' id='word_1_290' title='bbox 847 5199 1064 5249; x_wconf 74' lang='lat' dir='ltr'><strong>reatuin</strong></span> <span class='ocrx_word' id='word_1_291' title='bbox 1094 5193 1159 5248; x_wconf 82' lang='lat' dir='ltr'><em>X</em></span> <span class='ocrx_word' id='word_1_292' title='bbox 1236 5193 1303 5249; x_wconf 79' lang='lat'><strong>16</strong></span> <span class='ocrx_word' id='word_1_293' title='bbox 1318 5193 1410 5248; x_wconf 71' lang='lat' dir='ltr'><strong>sic</strong></span> <span class='ocrx_word' id='word_1_294' title='bbox 1435 5198 1597 5257; x_wconf 67' lang='lat' dir='ltr'><strong>(com</strong></span> <span class='ocrx_word' id='word_1_295' title='bbox 1624 5193 1791 5262; x_wconf 81' lang='lat' dir='ltr'><strong>sicut)</strong></span> <span class='ocrx_word' id='word_1_296' title='bbox 1822 5191 1876 5247; x_wconf 74' lang='lat' dir='ltr'><em>G</em></span> <span class='ocrx_word' id='word_1_297' title='bbox 1900 5192 2044 5248; x_wconf 85' lang='lat' dir='ltr'><strong>sicut</strong></span> <span class='ocrx_word' id='word_1_298' title='bbox 2068 5192 2124 5247; x_wconf 72' lang='lat' dir='ltr'><strong><em>A</em></strong></span> <span class='ocrx_word' id='word_1_299' title='bbox 2198 5194 2262 5247; x_wconf 75' lang='lat'><strong>1¹1</strong></span> <span class='ocrx_word' id='word_1_300' title='bbox 2290 5192 2654 5250; x_wconf 74' lang='lat' dir='ltr'><strong>ministerium</strong></span> <span class='ocrx_word' id='word_1_301' title='bbox 2678 5192 2743 5249; x_wconf 70' lang='lat' dir='ltr'><em>R</em></span> 
     </span>
     <span class='ocr_line' id='line_1_36' title="bbox 469 5277 2737 5354; baseline -0.003 -17"><span class='ocrx_word' id='word_1_302' title='bbox 469 5282 537 5338; x_wconf 83' lang='lat'><strong>18</strong></span> <span class='ocrx_word' id='word_1_303' title='bbox 572 5277 809 5354; x_wconf 72' lang='lat' dir='ltr'><strong>corporis</strong></span> <span class='ocrx_word' id='word_1_304' title='bbox 843 5280 965 5336; x_wconf 82' lang='grc' dir='ltr'><strong>ΝΧ</strong></span> <span class='ocrx_word' id='word_1_305' title='bbox 1039 5283 1103 5335; x_wconf 83' lang='grc'><strong>19</strong></span> <span class='ocrx_word' id='word_1_306' title='bbox 1141 5281 1488 5351; x_wconf 54' lang='lat' dir='ltr'><strong>generatione:</strong></span> <span class='ocrx_word' id='word_1_307' title='bbox 1525 5281 1597 5334; x_wconf 73' lang='lat' dir='ltr'><em>M</em></span> <span class='ocrx_word' id='word_1_308' title='bbox 1700 5279 1912 5350; x_wconf 79' lang='lat' dir='ltr'><strong>accepit</strong></span> <span class='ocrx_word' id='word_1_309' title='bbox 1935 5278 2055 5333; x_wconf 85' lang='grc' dir='ltr'><strong>ΝΧ</strong></span> <span class='ocrx_word' id='word_1_310' title='bbox 2125 5281 2197 5335; x_wconf 81' lang='lat'><strong>25</strong></span> <span class='ocrx_word' id='word_1_311' title='bbox 2234 5283 2347 5336; x_wconf 84' lang='lat' dir='ltr'><strong>tam</strong></span> <span class='ocrx_word' id='word_1_312' title='bbox 2383 5279 2563 5336; x_wconf 59' lang='lat' dir='ltr'><strong>linea</strong></span> <span class='ocrx_word' id='word_1_313' title='bbox 2596 5280 2737 5336; x_wconf 68' lang='lat' dir='ltr'><strong>esla-</strong></span> 
     </span>
     <span class='ocr_line' id='line_1_37' title="bbox 467 5369 1177 5442; baseline -0.004 -15"><span class='ocrx_word' id='word_1_314' title='bbox 467 5377 580 5427; x_wconf 65' lang='grc' dir='ltr'><em>Μ</em></span> <span class='ocrx_word' id='word_1_315' title='bbox 620 5369 671 5425; x_wconf 87' lang='lat' dir='ltr'><strong>C&#39;</strong></span> <span class='ocrx_word' id='word_1_316' title='bbox 769 5370 840 5426; x_wconf 74' lang='lat'><strong>26</strong></span> <span class='ocrx_word' id='word_1_317' title='bbox 877 5370 1073 5442; x_wconf 70' lang='lat' dir='ltr'><strong>abrehe</strong></span> <span class='ocrx_word' id='word_1_318' title='bbox 1108 5370 1177 5424; x_wconf 80' lang='lat' dir='ltr'><em>M</em></span> 
     </span>
    </p>
   </div>
  </div>
 </body>
</html>
