3275 6434
473 1509 599 1572 156
1256 1503 1455 1560 Liber
1488 1504 1950 1576 quaestionum

469 1697 669 1762 filium
700 1716 839 1764 esse
870 1697 1012 1776 dei’,
1048 1697 1172 1764 uisi
1210 1698 1380 1782 quie,
1416 1701 1502 1763 ut
1519 1698 1707 1764 aliter
1740 1697 1817 1763 de
1854 1698 1974 1764 hoc
2011 1697 2321 1776 credatur,
2357 1697 2749 1783 praecipitur

467 1822 656 1886 quam
703 1802 781 1869 de
827 1805 1075 1882 ceteris,
1140 1808 1236 1882 ut,
1292 1804 1439 1886 quis
1482 1803 1673 1869 multi
1718 1807 1871 1871 sunt
1912 1804 2022 1887 qui
2068 1802 2182 1869 filii
2229 1803 2332 1870 dei
2381 1803 2746 1870 sanctitutis

469 1926 660 1974 causa
704 1908 1116 1991 appellantur,
1164 1908 1268 1974 hic
1306 1909 1482 1974 solus
1521 1928 1712 1975 uerus
1750 1909 1851 1975 dei
1896 1908 2068 1975 filius
2115 1908 2425 1988 credatur,
2473 1908 2643 1974 uude
2679 1914 2748 1975 et

468 2013 693 2079 unicus
740 2014 1016 2080 dicitur?
1061 2032 1204 2080 num
1254 2015 1395 2098 quis
1443 2018 1803 2080 sauctorum
1847 2033 2043 2080 ausus
2096 2013 2223 2079 fuit
2272 2012 2475 2079 filium
2522 2013 2627 2079 dei
2673 2033 2745 2080 se

468 2117 695 2197 dicere,
740 2137 863 2185 non
908 2120 1115 2186 dicem
1162 2124 1228 2186 et
1271 2139 1512 2199 uerum,
1558 2120 1683 2185 uisi
1729 2120 2010 2185 saluator
2053 2119 2345 2185 conscius
2381 2118 2745 2186 natiuitatis
2806 2136 2835 2178 s

467 2244 623 2290 suae
667 2245 705 2290 s
749 2225 866 2292 deo
910 2226 1271 2309 profectae?
1319 2244 1442 2308 quo
1488 2223 1677 2291 modo
1723 2228 1936 2291 autem
1980 2226 2303 2308 peteretur
2346 2243 2416 2289 se
2471 2222 2743 2304 adorari,

470 2330 527 2394 si
556 2331 828 2397 nesciret
853 2349 921 2396 se
959 2349 1098 2396 esse
1136 2330 1215 2396 de
1253 2329 1390 2410 deo,
1430 2349 1573 2396 cum
1616 2330 1925 2415 scriptum
1954 2331 2070 2396 sit:
2108 2330 2481 2396 dominum
2520 2329 2745 2396 deum

471 2445 680 2500 tuum
727 2434 1077 2502 adorabis
1117 2439 1190 2500 et
1226 2435 1374 2518 ipsi
1414 2436 1560 2501 soli
1600 2434 1915 2515 seruies,
1953 2435 2186 2518 quippe
2223 2453 2369 2501 cum
2395 2429 2743 2501 Iohannem

466 2541 733 2625 angelus
780 2541 1171 2624 corripuerit,
1220 2559 1292 2606 eo
1341 2541 1512 2624 quod
1557 2541 1816 2606 adorare
1863 2560 1932 2606 se
1977 2539 2198 2618 uellet,
2245 2539 2462 2605 diceus
2516 2540 2608 2607 ei:
2655 2557 2745 2605 ue

469 2644 766 2721 feceris,
814 2647 991 2729 quis
1037 2664 1449 2712 conseruus
1489 2649 1668 2711 tuus
1707 2665 1895 2723 sum,
1936 2643 2147 2711 deum
2185 2645 2427 2725 adora,
2466 2659 2553 2723 et,
2592 2665 2741 2710 cum
2779 2661 2833 2706 ro

469 2751 591 2818 soli
636 2751 752 2818 deo
799 2752 1202 2818 seruiendum
1248 2752 1561 2834 scriptura
1593 2753 1888 2829 testetur,
1925 2751 2279 2834 spostolus:
2318 2750 2443 2833 qui
2480 2751 2745 2827 seruit,

465 2857 696 2940 iuquit,
743 2856 1071 2934 Christo,
1116 2856 1367 2941 placet
1422 2855 1598 2921 deo?
1648 2859 1881 2939 quare?
1926 2855 2078 2939 quia
2128 2874 2325 2921 uuum
2379 2860 2531 2921 suut
2582 2855 2746 2922 deus

467 2966 535 3028 et
581 2961 892 3042 Christus,
936 2967 1117 3046 pater
1161 2966 1226 3028 et
1270 2962 1461 3028 filius.

562 3071 620 3136 7.
666 3068 1016 3152 Apostolus
1063 3087 1132 3134 se
1180 3067 1415 3134 Christi
1461 3087 1718 3134 seruum
1774 3067 2008 3133 fatetur
2060 3071 2126 3133 ot
2169 3067 2327 3133 dicit
2373 3065 2750 3133 Corinthiis:

468 3173 707 3241 nolite
755 3173 931 3239 fieri
975 3174 1174 3239 serui
1220 3173 1623 3251 homiuum,
1672 3177 1738 3238 et
1782 3171 1861 3237 ad
1911 3170 2198 3238 Galatas:
2246 3172 2533 3239 Paulus
2581 3191 2746 3256 epo·
2780 3191 2834 3235 ιο

469 3280 717 3345 stolus
782 3298 919 3345 uon
985 3280 1069 3344 ab
1135 3279 1570 3344 homiuibus
1635 3297 1876 3362 neque
1933 3297 2078 3362 .per
2149 3277 2541 3354 homiuem,
2617 3278 2749 3345 sed

466 3404 595 3469 per
648 3384 892 3449 Iesum
951 3383 1331 3451 Christum
1389 3388 1462 3448 et
1515 3383 1731 3448 deum
1779 3387 2084 3466 patrem,
2143 3383 2270 3466 qui
2318 3382 2749 3448 suscitauit

468 3510 632 3556 eum
695 3509 731 3556 a
794 3489 1127 3555 mortuis.
1191 3488 1480 3555 ostendit·
1530 3493 1744 3571 aperte
1810 3487 2134 3554 Christum
2200 3486 2389 3554 deum
2462 3505 2610 3553 osse
2682 3491 2750 3554 et

469 3596 806 3673 hominem,
846 3598 921 3662 ut
956 3596 1379 3678 apostolatum
1420 3613 1605 3660 suum
1651 3614 1774 3661 non
1821 3595 1898 3660 ab
1946 3594 2202 3660 homine
2247 3594 2360 3660 sed
2395 3612 2433 3659 a
2470 3592 2747 3671 Christo,

468 3703 639 3767 iuxta
683 3700 851 3784 quod
899 3700 1054 3766 deus
1101 3704 1219 3778 est,
1266 3704 1331 3766 et
1375 3720 1412 3765 a
1455 3705 1632 3783 patre
1679 3700 1795 3766 deo
1843 3718 1985 3766 esse
2032 3702 2427 3768 monstraret.
2475 3698 2749 3783 denique
2780 3717 2828 3764 so

469 3807 531 3871 iu
605 3807 912 3872 subiectis
977 3806 1090 3872 ait:
1171 3825 1408 3890 neque
1483 3806 1673 3871 enim
1757 3824 1891 3889 ego
1965 3805 2054 3870 ab
2127 3805 2425 3870 homino
2487 3805 2749 3888 accepi

469 3910 668 3978 illud
712 3930 950 3994 neque
997 3910 1248 3991 didici,
1297 3911 1421 3976 sed
1470 3930 1599 3994 per
1642 3909 2184 3976 reuelationem
2220 3909 2392 3976 Iesu
2431 3906 2745 3976 Christi.

469 4017 622 4100 quid
666 4022 799 4082 tam
845 4021 1171 4100 apertum?
1210 4015 1309 4081 dei
1349 4015 1514 4082 euim
1545 4014 1892 4081 doctrinam
1928 4034 2051 4081 uou
2090 4033 2203 4098 per
2235 4014 2557 4079 homiuem
2592 4013 2751 4079 dicit

471 4142 540 4189 se
585 4121 978 4198 adsecutum,
1025 4121 1136 4187 sed
1182 4122 1258 4187 ab
1307 4122 1444 4204 ipso
1492 4121 1606 4187 deo
1655 4120 1934 4186 doctum.
1989 4140 2135 4185 uam
2188 4139 2305 4202 uos
2359 4118 2461 4184 dei
2517 4118 2747 4184 doctri·

470 4248 613 4294 nam
657 4247 771 4310 per
823 4228 1109 4293 homines
1174 4228 1554 4310 accepimus,
1617 4243 1734 4291 uus
1798 4229 2012 4291 autem
2068 4224 2397 4291 electionis
2452 4224 2614 4289 nihil
2677 4243 2747 4291 se
2780 4247 2836 4291 ss

644 4488 677 4540 3
716 4486 785 4541 cf.
824 4487 938 4543 1011.
978 4489 1033 4555 3,
1074 4487 1137 4541 16
1229 4486 1260 4540 7
1299 4485 1462 4539 Deut.
1500 4486 1552 4548 6.
1594 4485 1660 4539 13
1697 4483 1919 4553 (matth.
1955 4483 2006 4546 4,
2049 4484 2115 4539 10
2144 4487 2269 4552 etc.)
2361 4483 2394 4538 9
2430 4483 2599 4553 Apoc.
2636 4482 2745 4550 (19,

474 4577 559 4645 10)
595 4577 684 4642 22,
719 4577 753 4631 9
866 4578 925 4631 ll
966 4576 1118 4629 Rom.
1161 4575 1243 4641 14,
1286 4573 1351 4629 18
1461 4573 1528 4628 14
1565 4571 1633 4627 ct.
1671 4572 1826 4627 Rom.
1869 4573 1916 4630 l.
1957 4572 1982 4624 1
2025 4575 2129 4626 etc.
2252 4572 2319 4626 15
2356 4569 2383 4625 1
2423 4568 2544 4628 Cor.
2584 4571 2637 4634 7,
2673 4570 2746 4623 23

469 4664 589 4719 Gal.
631 4667 677 4731 1,
720 4665 739 4719 l
857 4664 923 4718 21
966 4661 1087 4718 Gal.
1130 4663 1178 4726 1,
1220 4662 1285 4717 12
1395 4662 1464 4716 25
1503 4660 1569 4716 cf.
1608 4661 1733 4715 Act.
1770 4662 1821 4728 9,
1864 4661 1928 4715 15

292 4838 401 4907 des.
423 4838 477 4891 λ’
548 4840 569 4892 1
613 4838 668 4891 ni
707 4837 888 4907 (corr.)
924 4837 1000 4891 M
1098 4837 1134 4890 2
1170 4835 1418 4890 sauctitis
1456 4835 1529 4890 Μ
1629 4839 1664 4890 4
1704 4836 1842 4905 quis]
1881 4835 2052 4905 siquis
2087 4834 2150 4889 N
2289 4832 2432 4889 filius
2467 4836 2653 4901 (corr.)
2688 4830 2757 4885 N

471 4929 504 4982 5
540 4943 647 4981 nou
685 4925 880 4995 dicam]
918 4949 1041 4978 om·
1076 4923 1152 4979 H
1252 4923 1286 4978 6
1322 4927 1504 4980 autem
1541 4940 1645 4979 oon.
1673 4923 1734 4979 N
1874 4922 2174 4996 peteretur]
2214 4939 2331 4977 cum
2368 4924 2649 4993 peteretur
2683 4919 2747 4974 Χ

470 5014 608 5071 oreti
651 5012 700 5068 0
836 5014 867 5068 7
906 5028 1023 5069 esse
1059 5029 1162 5067 one.
1196 5011 1362 5067 CNX
1501 5011 1534 5065 8
1570 5011 1792 5068 iohanni
1834 5010 1997 5066 GNF
2132 5011 2166 5064 9
2204 5009 2455 5079 augelus]
2490 5006 2744 5063 domiuus

479 5102 642 5157 CNF
773 5116 851 5154 ..ο
894 5100 941 5153 G
1029 5100 1096 5154 10
1133 5115 1414 5154 cumscruu
1452 5102 1635 5167 (corr.)
1671 5098 1746 5152 M
1777 5113 2086 5155 cumeorum
2122 5095 2189 5150 N
2291 5096 2359 5149 14
2395 5092 2660 5150 corinthi·
2698 5095 2751 5150 ί·

469 5190 749 5245 chorintiis
779 5189 838 5241 X
964 5188 1029 5242 1⁶
1066 5191 1126 5243 et
1161 5203 1265 5243 on.
1293 5189 1355 5243 X
1495 5187 1712 5258 gul-tus
1736 5189 1919 5255 (corr.)
1950 5184 1999 5239 G
2020 5184 2272 5254 celatha
2299 5182 2366 5237 N
2485 5182 2554 5237 18
2584 5181 2745 5237 deum

467 5294 572 5334 ont.
608 5277 666 5332 N
838 5276 905 5331 21
957 5276 1127 5348 accipi
1171 5275 1219 5330 0
1390 5275 1460 5332 24
1511 5274 1717 5331 dictum
1766 5277 1948 5341 (corr.)
1992 5272 2066 5327 Π
2194 5270 2265 5326 25
2309 5270 2586 5329 homiuem
2636 5268 2747 5325 GA

469 5365 757 5436 accipimus
798 5363 1012 5420 CNGA
1155 5362 1450 5420 electiones
1489 5361 1599 5418 CF
1732 5379 1792 5418 ιο
1829 5361 2041 5432 probat]
2078 5359 2333 5431 reprobat
2364 5357 2433 5413 N
