3275 6434
313 992 378 1055 434
573 988 750 1060 Appendix·
767 990 998 1059 quaestionum
1017 990 1093 1044 noni
1111 994 1190 1044 test.

137 1184 177 1253 <11
190 1202 252 1241 noa.
265 1186 295 1258 t)
312 1182 414 1249 xvll.
438 1182 493 1249 UT
515 1182 619 1265 QUID
642 1181 862 1250 smerden
883 1182 989 1251 Post·
1012 1176 1262 1251 baptismum
1284 1184 1342 1249 11.
1368 1182 1451 1248 Dit-

313 1286 394 1355 BUS
421 1288 640 1356 turoneum·
666 1289 718 1355 ET
746 1288 907 1357 Postea
935 1287 1123 1357 ustinus?
1156 1286 1230 1369 QUI
1257 1289 1370 1355 ENlbt
1396 1283 1452 1355 Xb

376 1393 528 1460 DIEBUS
550 1393 780 1471 lentulum,
805 1393 957 1462 Potum
978 1394 1058 1462 ml
1079 1393 1169 1462 NON
1191 1387 1397 1463 canumet

361 1533 389 1598 1.
404 1531 564 1617 Scriptum
579 1537 640 1598 est:
658 1532 730 1613 tili,
750 1533 932 1600 accedens
950 1533 993 1599 ad
1012 1535 1238 1600 seruitutem
1256 1532 1319 1600 det
1336 1536 1401 1599 sta
1417 1533 1452 1599 in

313 1637 467 1703 iustitia
485 1640 522 1704 et
536 1638 668 1706 timore
687 1642 725 1705 et
737 1658 918 1724 praepara
931 1638 1092 1705 animam
1106 1642 1212 1706 tunm
1229 1639 1275 1704 ad
1294 1642 1451 1722 tempta·
1479 1659 1492 1703 s

314 1742 462 1809 tionem.
485 1743 619 1828 ideoque
643 1743 793 1822 eductor,
815 1749 854 1810 ut
880 1744 1013 1811 formam
1040 1745 1131 1810 uobis
1158 1743 1256 1822 daret,
1284 1743 1452 1814 ieinuaait.

310 1851 351 1913 ut
373 1847 470 1914 simili
492 1832 586 1915 modo
609 1867 666 1915 nos
690 1868 813 1934 quoque
832 1849 959 1916 ieiuniis
977 1850 1162 1917 insistentes
1180 1868 1308 1916 omnem
1326 1852 1453 1915 motum

314 1953 432 2020 diaboli
455 1957 562 2020 contra
583 1973 640 2021 nos
663 1955 847 2039 oppositum
874 1954 926 2020 dei
953 1955 1069 2021 auxilio
1097 1974 1284 2041 superemus
1311 1956 1451 2022 scientes

315 2058 456 2142 exemplo
484 2059 652 2126 saluatoris
677 2063 754 2126 tunc
780 2061 883 2145 magia
909 2059 1043 2127 iusidias
1074 2059 1248 2127 aduersarii
1280 2058 1453 2135 cauendae,

316 2181 388 2230 cum
411 2163 451 2229 ad
473 2164 524 2230 dei
542 2165 687 2231 timorem
705 2165 897 2233 accedimus.
915 2165 1003 2233 dolet
1020 2165 1102 2230 enim
1122 2165 1207 2248 quod
1224 2164 1452 2231 recessmimus
1468 2183 1492 2226 ro

316 2270 355 2336 ab
369 2268 440 2344 illo;
454 2269 525 2336 ideo
538 2271 611 2356 plus
625 2272 731 2337 saeuit
743 2271 912 2340 maenum
925 2290 992 2338 noa
1006 2271 1066 2337 boo
1079 2270 1170 2336 nobis
1184 2270 1289 2357 gessit
1302 2271 1454 2351 saluatur,

316 2393 376 2441 non
401 2375 469 2440 sibi.

360 2482 392 2545 2.
415 2478 570 2547 Similiter
591 2485 624 2547 et
646 2482 730 2565 quod
751 2482 874 2561 esuriit,
896 2501 958 2548 non
982 2500 1040 2549 sua
1062 2500 1168 2559 cauas,
1186 2481 1244 2548 sed
1266 2484 1380 2549 nostn
1396 2486 1453 2547 eet

316 2583 442 2651 ieiuniis
479 2585 562 2651 enim
593 2604 665 2652 cam
698 2591 863 2671 superatae
893 2587 1032 2653 tuissent
1061 2588 1289 2669 temptationes
1320 2586 1453 2663 diaboli,

317 2708 397 2773 quae
419 2690 491 2757 ideo
514 2693 649 2775 scriptae
671 2710 733 2758 non
757 2696 840 2772 sunt,
858 2692 931 2776 quia
949 2692 989 2758 ad
1007 2693 1185 2776 protectum
1202 2711 1265 2759 non
1283 2693 1451 2776 pertinent,
1467 2708 1491 2752 ss

317 2799 436 2881 postea,
459 2795 492 2860 id
514 2801 565 2862 est
585 2801 660 2880 poat
682 2797 890 2883 quadraginta
912 2797 990 2875 dies,
1010 2797 1154 2881 permisit
1176 2816 1212 2864 se
1232 2797 1354 2863 tamem
1377 2797 1452 2881 pati,

318 2905 412 2968 ut-
425 2902 509 2984 quod
530 2901 668 2969 bominis
691 2908 758 2969 erat
772 2939 814 2951 -
828 2906 989 2986 pateretur
1011 2903 1136 2981 tamem,
1159 2907 1197 2968 ut
1215 2902 1329 2970 uidene
1348 2903 1452 2969 diabo-

317 3007 379 3085 lus,
394 3009 519 3090 quiiam
530 3009 631 3074 tuerat
641 3014 819 3092 superatus,
836 3009 1051 3106 infirmitatem
1061 3009 1092 3073 in
1107 3027 1143 3073 eo
1159 3008 1252 3073 tamis
1266 3008 1453 3075 inniteretur

318 3132 443 3179 rursum
458 3113 497 3178 ad
510 3114 738 3196 temptandum,
752 3114 864 3179 uidens
878 3113 1036 3179 bominem
1051 3133 1132 3192 esse,
1146 3133 1165 3179 a
1179 3131 1241 3196 quo
1255 3114 1452 3181 uincebatur.

363 3221 393 3284 3.
424 3220 494 3285 Hoc
521 3221 603 3285 enim
630 3221 692 3286 tuit
718 3221 904 3303 mysterium
937 3221 1116 3298 saluatoris,
1148 3225 1194 3296 ut,
1227 3221 1302 3303 quia
1334 3219 1491 3287 hominio

320 3326 406 3392 nicto
429 3320 602 3391 insultabat
624 3330 657 3391 et
678 3324 906 3404 dominabatur,
930 3326 969 3391 ab
992 3325 1117 3391 bomine
1136 3327 1328 3404 uinceretur,
1347 3330 1386 3392 ut
1404 3327 1452 3393 dei

320 3431 423 3497 nimus
455 3431 576 3496 homiui
601 3430 767 3497 uictoriam
794 3413 983 3515 adquireret:
1012 3431 1059 3497 sic
1086 3431 1188 3514 magis
1214 3431 1291 3497 uilis
1319 3432 1451 3498 effectus

320 3542 370 3603 est
392 3540 529 3613 somnes,
553 3555 624 3602 cum
646 3540 679 3602 et
700 3537 859 3603 homiaem
881 3537 982 3602 cernit
1004 3540 1037 3602 ot
1058 3537 1211 3601 uirtutem
1227 3556 1289 3602 nou
1314 3536 1450 3603 bominis

320 3642 488 3727 intellegit.
510 3641 683 3707 mirabatur
704 3643 787 3707 enim
810 3647 938 3727 stupore
961 3642 1129 3707 hebetatus
1152 3641 1236 3724 quod
1264 3644 1449 3726 mysterium

322 3752 439 3813 suescat
461 3746 545 3830 quod
567 3767 601 3812 ee
624 3748 745 3828 lateret,
767 3752 803 3813 nt
829 3750 971 3831 potestas
999 3749 1086 3812 esset
1112 3746 1291 3826 accedendi,
1321 3748 1452 3814 circum·
1468 3763 1493 3807 aa

321 3850 466 3916 oeniandi
489 3871 548 3915 ιιοιι
572 3856 667 3917 esset.
686 3852 809 3917 duabus
828 3852 911 3916 euim
929 3870 966 3916 ex
985 3851 1090 3917 causis
1108 3850 1324 3934 torquebatur.
1343 3853 1453 3919 uidens

321 3956 404 4022 enim
426 3954 639 4020 infirmitatem
658 3954 826 4021 accedebat
845 3958 877 4020 et
894 3954 1074 4020 inueniebat
1087 3955 1251 4035 uirtutem,
1270 3958 1309 4021 ut
1326 3974 1453 4024 cernens

321 4061 478 4127 bominem
502 4064 670 4144 suspectus
693 4063 779 4126 essct
800 4059 839 4125 de
862 4060 912 4125 dei
935 4060 1064 4125 uirtute.
1089 4059 1128 4126 ad
1151 4061 1211 4126 boc
1233 4080 1308 4147 ergo
1334 4063 1452 4139 counit,

322 4170 359 4232 ut
380 4164 538 4232 inluderet
558 4166 707 4231 astutiam
727 4169 863 4231 samone.
881 4165 997 4231 idcirco
1016 4171 1121 4232 autem
1141 4185 1201 4231 non
1221 4168 1361 4250 amplius
1379 4168 1452 4233 ieiu-

322 4271 421 4347 nauit,
444 4273 482 4336 ut
504 4271 705 4337 concordaret
726 4270 831 4356 Moysi
854 4274 887 4336 et
907 4270 1029 4336 Heliae.
1466 4289 1489 4331 ao

411 4459 428 4513 2
446 4459 481 4514 ct.
497 4459 596 4514 matth.
615 4460 676 4523 4‚2
711 4459 830 4515 elucet
848 4459 874 4529 2,
893 4461 906 4514 1
949 4459 984 4515 to
1003 4459 1038 4514 ci.
1056 4458 1103 4517 Es.
1122 4460 1166 4529 2⁴,
1186 4460 1228 4515 18.
1242 4459 1285 4515 111
1299 4460 1367 4532 Bag.
1384 4462 1452 4521 19,8

360 4581 573 4652 lqoadragiuta
587 4600 606 4637 u
640 4583 707 4637 tet
722 4583 986 4655 postea-ieiunauit
1001 4600 1053 4638 osa
1067 4582 1101 4637 K
1151 4588 1179 4638 et
1196 4599 1250 4640 on.
1269 4601 1288 4639 ιι
1343 4585 1452 4655 quadra·

322 4668 401 4738 ginta
420 4686 438 4721 ιι
477 4671 626 4725 bauionem
645 4675 719 4726 tuam
738 4670 788 4726 Kc
829 4673 862 4725 15
881 4670 1041 4742 protectum]
1061 4670 1127 4727 cdd.
1145 4670 1287 4727 doctrinae
1306 4689 1326 4725 a
1376 4675 1408 4728 lo
1426 4689 1451 4726 se

322 4755 420 4810 tamem
438 4758 496 4826 pati
513 4773 563 4814 om.
578 4776 597 4811 a
635 4760 667 4813 11
681 4762 712 4814 nt
729 4760 779 4815 ult.
798 4776 849 4815 oua
864 4777 883 4815 ιι
920 4760 953 4814 18
967 4754 1024 4830 qui]
1039 4758 1184 4815 cdd-nto
1233 4760 1452 4825 ‚infirmitatem

323 4843 358 4897 22
376 4845 472 4914 megia]
490 4845 575 4898 ιιιιΙιιι
594 4846 626 4900 K
680 4846 715 4901 80
733 4846 819 4918 Halys
838 4863 857 4900 a
