3275 6434
728 1217 802 1289 cap.
821 1217 910 1275 ovnr
931 1219 1007 1274 1-4.
1348 1221 1413 1285 253

276 1415 353 1498 quia
374 1431 436 1480 non
458 1412 488 1479 in
512 1412 629 1498 angulo
652 1412 730 1479 haec
752 1417 844 1497 gesto
865 1416 898 1478 et
919 1413 1005 1478 (licto
1022 1415 1164 1490 enatat
1185 1411 1328 1489 laterent,
1348 1429 1412 1486 eos,

276 1519 332 1603 qni
350 1537 386 1584 er
405 1518 525 1585 semine
543 1518 611 1584 eius
630 1522 728 1597 erant,
742 1517 885 1584 Hebreos
902 1521 1132 1602 nuncuparunt
1151 1515 1269 1583 ordinis
1288 1533 1362 1600 ergo
1381 1523 1415 1581 et

274 1625 382 1691 meriti
404 1625 467 1691 luit
487 1623 664 1703 Habrahae,
691 1627 728 1690 ιιι
750 1627 847 1707 caput
868 1624 959 1691 fleret
979 1623 1031 1690 hie
1052 1624 1107 1707 qui
1131 1641 1168 1689 ex
1190 1639 1227 1689 eo
1249 1620 1411 1689 uaducem

274 1731 402 1798 habeut
426 1730 477 1797 (lei
499 1729 584 1796 enim
605 1731 724 1797 iudicio
747 1731 893 1814 princeps
912 1734 944 1795 et
962 1730 1050 1813 origo
1069 1729 1194 1812 positus
1213 1730 1263 1793 est
1279 1728 1311 1793 in
1329 1731 1413 1793 terre

242 1835 433 1915 ochanuan,
465 1838 504 1902 ιιι
530 1854 567 1901 ex
594 1853 631 1901 eo
664 1835 763 1920 geniti
794 1835 927 1901 alterius
954 1837 1062 1901 esseut
1088 1838 1121 1900 et
1147 1833 1352 1918 professionis
1380 1836 1412 1898 et

273 1941 534 2021 conuersationis,
562 1958 655 2026 quam
686 1941 790 2006 fueret
819 1940 899 2023 ipse,
931 1940 1117 2024 priusquam
1149 1938 1354 2006 descenderet
1378 1938 1410 2004 in

271 2051 389 2113 terram
403 2045 564 2124 (liancauc
583 2047 753 2113 innonatus
770 2047 855 2112 enim
873 2046 943 2130 ipse
960 2064 1078 2114 nouum
1093 2045 1301 2114 constitueret
1312 2062 1411 2127 popu·

271 2154 390 2219 lumin
409 2152 460 2218 rlei
477 2153 654 2220 deuotione.
671 2153 745 2219 hinc
763 2157 813 2219 eat
831 2152 914 2219 unde
931 2153 1095 2237 apostolus
1113 2152 1232 2218 Paulus
1250 2150 1409 2216 Hebreum

272 2276 308 2324 ee
332 2276 368 2323 ex
390 2258 524 2324 Hebreie
546 2259 674 2335 ratetum
697 2258 757 2324 hoc
780 2258 863 2324 enim
883 2257 1047 2343 dignitatis
1064 2257 1233 2323 uidebatur
1250 2273 1320 2322 esse
1338 2273 1409 2340 cog·

225 2382 255 2427 ro
272 2381 396 2432 nomen.
409 2364 629 2430 testimonium
642 2363 726 2429 enim
744 2367 778 2430 et
794 2364 942 2430 nobilitas
957 2363 1080 2449 generis
1095 2367 1171 2441 erat,
1185 2366 1223 2428 ut
1235 2381 1272 2430 cr
1284 2360 1409 2428 nomine

270 2468 341 2535 eius
363 2469 668 2554 cognominarentur,
691 2469 746 2552 qui
768 2469 879 2535 multis
902 2468 1005 2536 modis
1028 2469 1086 2536 deo
1101 2451 1271 2553 ,placuessl
1292 2467 1409 2552 quique

271 2575 318 2640 eie
341 2577 409 2641 erat
430 2575 528 2660 oripo.

315 2680 347 2745 3.
376 2679 551 2759 Abuuatur,
579 2679 609 2746 ai
630 2698 691 2746 nou
715 2680 864 2746 conuenit
891 2680 1018 2757 rationir
1047 2682 1221 2764 spernetur,
1250 2679 1278 2744 si
1301 2678 1409 2761 dispar

270 2787 335 2861 eet;
364 2784 571 2862 conuellatur,
599 2785 627 2851 si
654 2784 792 2851 alienum
821 2788 873 2851 est
894 2805 913 2850 e
935 2786 1057 2851 meritis
1081 2777 1257 2862 Ratirahse,
1282 2787 1322 2861 ‚et
1349 2802 1406 2850 nos

223 2908 254 2955 ra
268 2890 451 2967 refellamur
473 2891 564 2975 quasi
586 2891 766 2958 adulatores
790 2892 870 2958 eiua.
892 2911 972 2977 quae
995 2897 1044 2957 eat
1066 2892 1143 2957 haec
1167 2889 1331 2957 inimicitia
1353 2889 1406 2954 arl-

268 3013 383 3062 uareus
397 2995 588 3076 Habralram
602 3016 683 3082 quae
701 2998 883 3076 aemulatio,
900 3016 964 3080 qua
982 2998 1011 3063 ei
1029 2998 1207 3063 obtrectant
1222 2995 1353 3072 inimici,
1375 3001 1408 3060 et

267 3101 323 3184 qui
346 3105 422 3168 sunt
444 3101 488 3180 lui,
510 3103 572 3168 niai
594 3103 649 3186 qui
671 3101 731 3168 fllii
753 3104 822 3170 eiua
845 3102 1013 3169 dicuntur?
1032 3102 1108 3186 quid
1132 3105 1182 3168 est
1202 3102 1234 3167 in
1257 3119 1328 3183 quo
1343 3099 1405 3166 uir·

266 3206 366 3290 plicet
382 3207 574 3287 Retraham,
597 3211 634 3274 ut
656 3208 758 3294 gloria
773 3207 853 3275 hoec
876 3209 977 3274 aliene
995 3208 1033 3274 ab
1052 3226 1089 3274 co
1108 3209 1259 3291 putetur?
1277 3205 1403 3290 etquid

266 3316 318 3377 est
339 3311 424 3394 quod
446 3312 569 3396 placcat
585 3305 618 3379 in
636 3314 752 3392 Heber,
767 3319 804 3380 ut
821 3316 991 3398 primatum
1010 3315 1110 3380 istum
1128 3312 1243 3379 habere
1261 3312 1402 3378 dicatur?

219 3434 249 3480 so
264 3417 358 3483 cuius
368 3417 396 3483 si
405 3419 604 3485 conuersatio
613 3420 717 3504 possit
728 3421 855 3502 inquiri,
869 3420 1063 3486 inueniretur
1075 3421 1155 3485 iorte
1168 3418 1254 3485 idola
1266 3418 1403 3485 coluisse

264 3522 350 3588 sicut
368 3522 470 3589 Thura
488 3530 521 3590 et
537 3525 664 3591 Nachor
682 3530 715 3591 et
732 3528 823 3609 pater
836 3526 972 3604 Nachor,
988 3544 1067 3609 quos
1088 3528 1213 3591 constet
1229 3543 1291 3590 non
1308 3523 1402 3609 louge

262 3627 303 3692 au
317 3646 354 3694 eo
368 3629 480 3706 fuisse,
499 3631 584 3697 sicul
595 3632 861 3698 testaturHiesus
874 3630 973 3710 Naue,
988 3632 1064 3715 quia
1076 3630 1110 3696 hi
1123 3629 1209 3696 idola
1226 3630 1401 3696 coluerunt.

307 3737 338 3799 4.
358 3735 424 3800 Aut
437 3740 522 3802 certe
537 3738 591 3819 qui
603 3756 639 3803 er
653 3737 779 3804 diuerso
799 3743 882 3818 sunt,
901 3736 1070 3804 ostendant
1087 3755 1148 3822 qua
1166 3736 1287 3802 ratione
1301 3735 1401 3800 uindi-

261 3839 397 3905 candum
408 3842 650 3921 esthocHeber,
662 3862 700 3908 ne
710 3843 815 3908 sortea
826 3845 916 3909 nobis
928 3843 1143 3926 eubprimntur
1154 3843 1303 3907 meritum
1316 3843 1399 3916 einer

216 3963 244 4009 as
262 3946 319 4012 sed
328 3945 449 4013 nullum
460 3952 520 4027 est,
534 3949 609 4033 quia
623 3967 806 4016 communes
821 3954 896 4015 sunt
910 3949 1000 4016 nobis
1021 3949 1194 4032 scripturae
1210 3948 1331 4031 etquid
1346 3949 1399 4013 uni

352 4207 415 4263 ici.
429 4209 490 4264 ner.
504 4209 547 4273 26,
562 4211 598 4267 26
651 4210 669 4266 8
688 4210 721 4267 ci.
740 4210 810 4266 Phil.
830 4212 856 4278 8,
875 4213 891 4265 5
945 4213 980 4266 22
999 4210 1034 4265 ci.
1052 4210 1106 4265 loa.
1124 4211 1168 4275 24,
1187 4211 1204 4264 2

296 4382 429 4437 tuemini
446 4382 479 4436 n·
573 4389 652 4438 erunt
671 4382 704 4437 N
784 4385 924 4440 timoritia
945 4383 998 4439 Ga
1096 4382 1161 4438 luit·
1177 4384 1210 4453 (it
1227 4384 1259 4438 ire
1277 4389 1346 4449 rar.)
1364 4382 1398 4436 21

259 4469 315 4524 hiis
333 4469 361 4524 P
443 4472 582 4527 omnmo
600 4471 639 4526 Μ
653 4471 801 4527 chanani)
883 4474 950 4527 'lut
966 4487 988 4527 c.
1008 4472 1026 4526 l.
1044 4487 1079 4526 m.
1098 4487 1148 4527 rec.
1167 4477 1233 4526 corle
1251 4471 1397 4525 innonatur

259 4556 327 4612 cdd.
345 4556 384 4611 u
433 4558 516 4629 enim]
530 4588 566 4609 ...
579 4559 616 4612 Μ
667 4559 847 4614 constitueret
861 4562 940 4625 (corr.
960 4561 1149 4623 constituerat)
1166 4559 1214 4613 CA
1269 4557 1395 4628 populum

259 4645 299 4716 in]
318 4647 346 4699 in
360 4646 529 4717 populumC
590 4647 624 4702 10
635 4646 766 4702 cubilitas
784 4647 816 4700 Ν
877 4648 907 4702 11
928 4649 986 4703 eiur
1003 4663 1054 4702 orie.
1076 4647 1156 4702 CXX
1226 4647 1260 4701 14
1278 4645 1395 4701 alianum

259 4738 340 4800 (corr.
359 4750 393 4787 ar.
411 4739 474 4800 rec.)
492 4734 529 4787 Μ
625 4735 659 4790 15
678 4734 834 4791 refellamur
850 4737 886 4791 u
903 4735 1066 4791 reliellomur
1083 4735 1115 4789 Ν
1218 4735 1284 4790 haec
1302 4749 1353 4789 oso.
1374 4734 1398 4789 (7

259 4822 293 4877 17
318 4821 357 4876 hii
380 4820 489 4876 PONX
579 4824 610 4878 18
634 4823 734 4893 gloria·
753 4823 784 4876 Ν
886 4825 962 4895 haec]
986 4825 1070 4879 habet
1090 4824 1124 4883 θ,
1146 4826 1226 4894 (corr.
1245 4822 1350 4887 habita)
1367 4824 1395 4876 A

257 4909 415 4980 putatur&
450 4912 482 4965 1⁹
500 4910 565 4966 eber
581 4912 661 4979 (sort
679 4927 747 4966 corr.
766 4929 800 4967 m.
818 4917 882 4982 reo.)
899 4914 936 4967 Μ
987 4912 1137 4968 diceturO
1168 4913 1205 4967 20
1222 4911 1350 4967 coluisset
1366 4910 1398 4965 N

257 4997 291 5051 21
312 4997 420 5053 tharC
461 4998 497 5052 22
515 4998 598 5053 fuisse
616 4999 651 5053 ab
670 5017 701 5055 eo
722 5000 775 5055 Gn
830 5002 902 5056 iesus
919 5003 947 5056 P
963 5001 1040 5056 hiesu
1061 5001 1158 5057 Ciesu
1178 5001 1209 5055 Χ
1260 5016 1343 5055 usaue
1361 4999 1398 5054 l!

258 5083 288 5138 lri
307 5099 357 5138 crs.
379 5084 460 5140 CXX
