3275 6434
891 645 2837 1110 —

475 1485 600 1550 128
1263 1481 1461 1537 Liber
1496 1483 1958 1553 quaestionum

472 1679 680 1739 autem
711 1672 1081 1739 adtrahebat
1106 1675 1283 1756 pater
1309 1672 1388 1738 ad
1416 1672 1639 1751 fllium,
1670 1674 1793 1740 nisi
1820 1693 1931 1756 per
1956 1692 2145 1758 opera
2161 1693 2320 1758 quae
2341 1674 2615 1740 faciebat
2638 1693 2753 1758 per

471 1779 697 1844 illum?
745 1778 839 1843 sic
883 1779 1048 1843 enim
1088 1776 1271 1842 dixit:
1319 1782 1536 1863 pater
1578 1798 1877 1845 manens
1914 1780 1988 1845 iu
2026 1799 2136 1845 me
2172 1781 2335 1864 ipse
2370 1784 2749 1864 operatur,

473 1889 545 1949 ut
601 1902 789 1968 opera
852 1884 1006 1949 haec
1067 1882 1469 1949 adtraherent
1531 1884 1612 1949 ad
1668 1883 1856 1950 fidem
1913 1883 2167 1952 Christi.
2228 1887 2500 1952 uirtutes
2557 1885 2751 1960 enim,

473 2008 628 2074 quas
702 1989 973 2055 faciebat
1034 1989 1332 2067 saluator,
1396 1990 1571 2074 ipsae
1633 1991 1987 2057 suadebant
2047 1991 2234 2058 deum
2298 2010 2440 2057 esse
2501 1995 2750 2074 patrem

473 2095 729 2173 Christi,
778 2100 850 2160 ut
896 2095 1005 2179 qui
1050 2095 1246 2160 alium
1293 2100 1535 2180 patrem
1580 2096 1809 2162 habere
1851 2096 2035 2162 illum
2083 2096 2338 2176 diceret,
2381 2116 2503 2163 non
2542 2105 2750 2163 adtra-
2809 2115 2836 2159 ιι

472 2201 726 2265 lueretur
787 2219 824 2266 a
878 2201 996 2266 deo
1054 2200 1130 2265 ad
1188 2200 1531 2267 Christum.
1588 2201 1730 2267 ideo
1787 2221 1935 2286 ergo
1995 2204 2152 2269 deus
2205 2203 2586 2287 operabatur
2637 2222 2753 2286 per

474 2304 819 2383 Christum,
865 2308 940 2370 ut
985 2306 1194 2371 uerbis
1240 2307 1379 2372 eius
1425 2306 1581 2372 fides
1628 2307 2150 2383 commodaretur,
2206 2308 2438 2390 quibus
2493 2307 2752 2374 dicebat

473 2430 541 2476 se
585 2410 786 2476 filium
833 2410 967 2476 dei.-

560 2518 618 2580 2.
664 2516 838 2582 Haec
893 2520 995 2582 est
1044 2516 1370 2583 adtractio.
1426 2535 1548 2583 non
1604 2518 1927 2594 uiolentia,
1985 2518 2096 2584 sed
2150 2518 2587 2584 testimonium
2645 2519 2748 2585 dei

471 2623 532 2687 in
565 2621 837 2700 Christo,
868 2623 971 2687 cui
999 2623 1108 2705 qui
1138 2622 1422 2700 credidit,
1452 2623 1774 2690 adtractus
1805 2624 2037 2690 dicitur
2063 2626 2140 2690 ab
2180 2643 2254 2690 eo
2292 2624 2369 2689 ad
2399 2623 2749 2693 Christum.
2784 2639 2828 2684 ιο

473 2747 657 2794 nemo
711 2728 877 2793 enim
935 2729 1236 2795 saluatori
1290 2728 1511 2808 credit,
1566 2729 1690 2795 nisi
1746 2731 1855 2812 qui
1909 2734 2150 2814 patrem
2198 2730 2375 2796 illius
2421 2729 2745 2813 proprium

472 2834 630 2900 dicit
682 2834 889 2900 deum.
947 2854 1089 2900 num
1135 2834 1484 2917 apostolus,
1541 2853 1661 2901 non
1721 2840 1793 2901 ut
1848 2835 2174 2900 arbitrium
2229 2835 2531 2918 pulsaret,
2587 2835 2747 2902 haec

470 2941 640 3005 fatus
695 2945 796 3005 est
849 2958 1006 3022 quae
1054 2940 1113 3004 in
1161 2941 1592 3023 quaestionem
1638 2941 1958 3025 redegisti,
2014 2940 2124 3006 sed
2170 2945 2245 3007 ut
2287 2942 2592 3007 iudicium
2642 2941 2746 3007 dei

470 3050 807 3112 retractare
851 3045 1226 3130 prohiberet,
1273 3045 1424 3111 baec
1471 3046 1629 3111 dixit
1671 3047 1912 3113 iustum
1950 3045 2317 3130 praedicans
2354 3048 2572 3124 deum3
2621 3048 2747 3113 scit

471 3151 635 3216 enim
683 3151 865 3216 cuius
920 3149 1144 3216 debeat
1196 3150 1498 3215 misereri.
1560 3151 1768 3216 cordis
1823 3156 2034 3217 autem
2088 3152 2406 3237 inspector
2455 3151 2748 3235 peruidet
2775 3170 2825 3212 ιε,

470 3255 854 3340 postulantis
907 3261 1202 3331 mentem.
1259 3275 1333 3320 an
1389 3260 1704 3321 mereatur
1747 3257 2027 3339 accipere
2100 3257 2369 3341 denique
2423 3258 2583 3324 dicit
2633 3277 2747 3341 per

470 3360 805 3444 profetam:
854 3361 1069 3444 plebs
1107 3361 1288 3426 haec
1324 3361 1554 3427 labiis
1603 3382 1714 3428 me
1751 3362 2085 3439 honorat,
2127 3382 2250 3429 cor
2286 3367 2529 3428 autem
2579 3364 2742 3429 illo·

471 3485 627 3531 rum
674 3466 891 3550 longe
949 3471 1066 3531 est
1108 3485 1144 3531 a
1191 3486 1319 3532 me.
1378 3487 1519 3533 uam
1575 3468 1966 3534 simulatoris
2021 3469 2298 3534 animum
2352 3469 2597 3534 iustum
2645 3474 2747 3535 est

472 3577 546 3637 ut
591 3571 872 3638 obduret.
932 3573 1037 3656 qui
1096 3572 1258 3637 enim
1309 3591 1426 3638 non
1474 3591 1587 3655 per
1632 3592 1899 3639 errorem
1948 3593 2170 3640 uerum
2237 3579 2425 3640 uocat
2484 3575 2742 3641 falsum.

470 3678 585 3743 sed
626 3696 736 3760 per
781 3679 1300 3756 maliuolentiam,
1346 3683 1421 3743 ut
1463 3679 1842 3764 intellegens
1887 3681 2120 3746 bonum
2158 3681 2354 3765 fingat
2391 3700 2459 3747 se
2497 3682 2741 3747 nescire
2777 3695 2834 3738 20

472 3785 622 3866 quia
686 3783 917 3849 bouum
983 3789 1100 3861 est,
1166 3788 1240 3849 ut
1292 3788 1616 3850 conuertat
1671 3784 1830 3851 illud
1893 3785 1956 3852 in
2012 3787 2271 3864 malum,
2336 3786 2453 3852 hoc
2520 3787 2742 3869 utique

469 3890 659 3955 debet
700 3889 793 3955 illi
841 3891 1162 3972 praestari.
1209 3893 1285 3956 ut
1320 3908 1466 3955 uere
1504 3909 1624 3956 uon
1663 3891 1993 3976 intellegat
2031 3892 2284 3966 bonum,
2320 3910 2397 3956 ue
2434 3891 2743 3967 saluetur,

469 3995 636 4079 quod
680 4014 800 4061 nou
847 3997 1011 4061 uult.
1057 4015 1174 4061 nec
1219 3996 1385 4061 enim
1430 3997 1673 4062 iustum
1721 4001 1839 4072 est,
1878 4002 1954 4063 ut
1995 3997 2236 4062 inuitus
2281 3995 2583 4074 saluetur,
2632 3999 2744 4081 qui

468 4119 588 4167 non
644 4120 754 4184 per
806 4101 1221 4186 ignorantiam
1278 4102 1549 4168 salutem
1610 4102 1868 4184 spernit,
1924 4101 2035 4168 sed
2088 4121 2201 4185 per
2262 4101 2570 4167 malitiam
2637 4101 2741 4168 uel

467 4206 791 4272 inuidiam.
828 4206 927 4271 his
962 4207 1161 4290 igitur
1196 4205 1597 4272 confirmatur
1633 4207 1836 4290 magis
1871 4206 2143 4271 liberum
2180 4206 2509 4272 arbitrium
2548 4224 2738 4288 quam
2775 4222 2829 4264 ιιι

466 4311 831 4389 destruitur,
879 4317 951 4376 ut
997 4313 1103 4378 uni
1151 4312 1378 4394 cuique
1424 4329 1533 4394 pro
1582 4316 1732 4378 uoto
1779 4331 1895 4377 suo
1939 4310 2409 4395 respondeatur.

643 4515 677 4569 2
712 4514 828 4570 Iob.
872 4517 953 4582 14,
995 4517 1060 4570 10
1172 4518 1228 4569 11
1272 4516 1337 4570 cs.
1375 4515 1490 4570 Ioh.
1528 4518 1579 4578 5,
1622 4517 1685 4570 18
1788 4517 1853 4571 15
1892 4516 1957 4570 cs.
1996 4516 2156 4570 Prou.
2194 4517 2283 4579 24.
2316 4516 2398 4572 12.
2436 4517 2556 4572 Act.
2591 4520 2673 4584 15,
2702 4522 2739 4570 8

472 4604 534 4657 17
574 4602 717 4657 Esai.
752 4603 837 4669 29,
879 4604 943 4657 13
979 4602 1194 4670 (Matth.
1241 4604 1321 4670 15,
1360 4604 1410 4658 8.
1449 4603 1613 4660 Marc.
1652 4605 1702 4666 7,
1740 4604 1800 4670 6)

213 4728 311 4796 fles.
332 4727 436 4782 PG
541 4727 561 4778 1
606 4731 759 4796 pater
793 4724 1119 4780 adtrahebat
1154 4730 1335 4792 (corr.)
1363 4725 1428 4778 N
1494 4728 1525 4779 3
1564 4742 1724 4798 opert:
1752 4727 1838 4780 M.
1856 4743 2046 4798 operer
2073 4727 2131 4782 N
2235 4727 2306 4799 be
2333 4728 2399 4781 N
2461 4730 2496 4783 4
2526 4745 2662 4799 quos
2695 4729 2745 4782 C

462 4815 580 4884 ipse
623 4814 776 4869 CFB
881 4816 912 4866 5
952 4815 1079 4883 quia
1113 4813 1223 4868 FB
1347 4816 1376 4868 7
1415 4813 1878 4870 commendaretur
1913 4816 2023 4870 AB
2164 4814 2381 4870 dicebat
2415 4815 2637 4871 dicebat
2670 4816 2746 4869 M

465 4904 499 4956 9
535 4901 861 4955 adtractatio
905 4901 953 4956 0
1117 4900 1409 4957 uiolentiae
1452 4902 1499 4955 C
1643 4902 1708 4957 10
1744 4902 2079 4958 adtractatus
2119 4902 2227 4957 CN
2258 4906 2591 4958 actractatus
2627 4902 2741 4958 FB

470 4990 534 5042 13
570 4988 739 5059 fatus]
777 4989 977 5044 sactum
1015 4993 1173 5053 (corr.
1211 4989 1406 5057 factus)
1441 4990 1514 5044 M
1546 4989 1724 5045 factus
1760 4993 1943 5055 (corr.)
1987 4990 2094 5044 CX
2286 4990 2531 5061 redigisti
2573 4989 2742 5045 clm·

471 5078 535 5130 14
581 5077 860 5131 retractari
910 5075 1075 5132 CNx
1272 5078 1337 5130 15
1382 5077 1565 5131 miseri
1607 5075 1682 5131 M
1889 5077 2174 5147 praeuidet
2222 5078 2271 5132 C
2319 5078 2573 5148 prouidet
2616 5078 2741 5134 lm·

469 5166 532 5220 17
570 5163 686 5235 ples
721 5164 794 5218 M
935 5164 1000 5218 18
1037 5165 1240 5219 iuxtum
1278 5164 1346 5218 Μ
1485 5164 1556 5220 20
1593 5163 1825 5234 flugatse
1859 5168 1968 5230 (ata
2002 5167 2068 5220 in
2101 5169 2237 5234 ms.)
2271 5164 2345 5220 M
2482 5166 2549 5220 21
2595 5182 2739 5237 quaa

465 5256 647 5321 (corr.)
681 5252 755 5306 M
793 5252 935 5322 quod
972 5251 1034 5306 N
1243 5253 1364 5323 hoc]
1410 5252 1543 5308 buct
1584 5257 1635 5321 (t
1677 5254 1836 5322 aas.)
1874 5253 1947 5308 M
2119 5255 2187 5309 25
2225 5252 2592 5310 conformatur
2626 5255 2739 5310 FB

463 5340 531 5394 2ss
570 5339 852 5395 distruitur
886 5339 1072 5394 MNX
1213 5343 1297 5411 ut]
1337 5349 1394 5396 et
1434 5342 1480 5396 C
