3275 6434
1350 1435 1498 1510 Cup.
1534 1439 1977 1496 val-van
2008 1439 2062 1496 2.
2709 1443 2836 1509 461

563 1631 1124 1698 circumuenist
1149 1649 1280 1715 per
1302 1630 1865 1716 philosophiam
1894 1636 1969 1699 et
1999 1633 2291 1698 inanem
2319 1632 2834 1698 seductionem

564 1737 975 1803 secundum
1039 1737 1413 1802 elementa
1476 1736 1704 1802 huius
1769 1736 2020 1802 mundi
2077 1740 2151 1803 et
2219 1756 2355 1803 non
2420 1738 2836 1805 secundum

564 1841 970 1914 Christum,
1002 1841 1279 1925 quisin
1315 1841 1481 1925 ipso
1518 1841 1902 1908 inhabitat
1937 1842 2177 1909 omnis
2214 1842 2609 1927 plenitudo
2647 1842 2836 1909 diui·

560 1948 830 2013 nitetis
869 1946 1396 2030 corporaliter3
1435 1947 1558 2013 hoc
1595 1952 1698 2013 est
1731 1947 1890 2013 nihil
1924 1947 2204 2034 indigere
2240 1947 2319 2013 sd
2355 1949 2627 2016 sulutem
2666 1969 2835 2026 eum,

487 2073 520 2118 5
562 2054 672 2137 qni
719 2053 922 2119 credit
961 2054 1025 2118 in
1074 2052 1421 2131 Christum,
1468 2053 1578 2119 sed
1623 2053 1719 2119 illi
1764 2053 1884 2119 hoc
1928 2053 2266 2130 abundare,
2313 2055 2463 2138 quia
2504 2055 2832 2139 plenitudo

560 2160 921 2226 diuinitatis
964 2161 1028 2225 in
1076 2158 1200 2225 fide
1248 2160 1384 2225 eius
1431 2163 1551 2225 est.
1599 2163 1666 2225 et
1709 2158 1938 2225 iterum
1985 2161 2049 2226 iu
2095 2159 2314 2227 eudem
2361 2161 2638 2245 epistula
2672 2161 2836 2227 inter

559 2270 770 2331 cetera
815 2267 932 2331 sit:
983 2284 1190 2332 nemo
1238 2283 1372 2330 uos
1420 2263 1738 2330 seducat
1771 2264 1843 2329 in
1882 2265 2409 2334 humiliatione
2456 2265 2710 2332 cordis
2759 2270 2835 2332 et

557 2372 631 2435 in
679 2371 1245 2455 superstitione
1290 2373 1747 2457 angelorum,
1794 2390 1982 2455 quse
2034 2372 2250 2438 uidet
2302 2371 2673 2439 extollens
2729 2392 2829 2450 se,

557 2477 845 2543 frustra
882 2475 1208 2542 inflatus
1247 2481 1489 2543 mente
1526 2477 1776 2545 carnis
1805 2497 1981 2546 sune
2010 2482 2249 2551 etnon
2279 2480 2550 2544 teneus
2586 2483 2831 2563 caput,

462 2603 521 2647 ιο
558 2602 638 2648 ex
703 2601 845 2666 quo
913 2602 1123 2648 omne
1187 2600 1458 2666 corpus
1524 2583 2183 2651 subministratum
2247 2588 2321 2649 et
2380 2582 2826 2667 productum

555 2688 836 2754 crescit
879 2689 951 2753 in
1000 2693 1455 2754 crementum
1501 2688 1637 2755 dei.
1684 2689 1741 2755 si
1786 2689 2000 2773 itaque
2036 2688 2364 2756 credentes
2399 2690 2464 2755 in
2502 2687 2827 2757 Christum

553 2798 747 2878 caput
791 2794 994 2859 totius
1030 2793 1422 2877 principatus
1468 2798 1535 2859 et
1577 2795 1917 2879 potestatis
1953 2799 2355 2876 uenerantur,
2390 2796 2633 2862 nullius
2668 2795 2826 2862 indi·

551 2904 724 2982 gent,
772 2899 884 2966 sed
928 2903 1161 2977 totum,
1202 2898 1373 2983 quod
1408 2899 1486 2964 sd
1523 2900 1797 2966 salutem
1835 2920 1997 2984 opus
2034 2906 2153 2980 est,
2198 2902 2454 2980 hubent,
2499 2901 2659 2967 nihil
2693 2901 2826 2968 illis

550 3006 757 3071 oberit
780 3005 1094 3084 inferiora,
1126 3023 1286 3088 quse
1315 3005 1392 3070 ad
1421 3005 1696 3071 salutem
1722 3006 1884 3072 nihil
1910 3006 2258 3087 conferunt,
2285 3007 2547 3083 nescire,
2577 3005 2825 3089 quando

460 3133 515 3177 ιο
550 3110 614 3174 id
664 3111 830 3193 quod
878 3111 1305 3177 necessarium
1351 3114 1451 3176 est
1496 3116 1742 3177 norunt.
1790 3112 1981 3180 huius
2020 3112 2190 3179 modi
2227 3132 2378 3198 ergo
2414 3117 2622 3179 totum
2662 3114 2821 3179 scire

548 3215 798 3281 dicendi
844 3221 1013 3295 sunt,
1060 3219 1170 3301 qui
1217 3218 1336 3283 hoc
1383 3217 1613 3294 sciunt,
1662 3218 1826 3301 quod
1874 3219 2006 3284 illis
2049 3219 2340 3302 proficiat
2392 3217 2472 3284 sd
2525 3219 2817 3285 salutem.

637 3324 700 3387 2.
747 3315 865 3388 Est
912 3325 1103 3388 etiam
1149 3324 1332 3402 illud,
1380 3324 1530 3408 quia
1573 3325 1636 3389 in
1684 3326 1998 3390 saluatore
2044 3344 2261 3390 omnes
2315 3325 2600 3391 thesauri
2655 3324 2819 3408 sapi·

548 3429 753 3492 entiae
811 3433 876 3494 et
931 3430 1233 3494 scientiae
1289 3433 1441 3495 sunt
1495 3430 1870 3496 absconditi.
1936 3431 2146 3496 omnia
2209 3430 2376 3516 enim
2433 3435 2819 3496 sacramenta

545 3535 805 3617 paterna
849 3533 973 3618 ipsi
1028 3539 1178 3600 sunt
1222 3536 1479 3620 cognita
1524 3540 1592 3600 et
1636 3555 1883 3602 omnem
1933 3540 2283 3602 creaturam
2337 3536 2473 3620 ipse
2528 3536 2814 3610 metitur3

447 3660 512 3705 no
547 3642 613 3703 et
667 3658 799 3705 nec
855 3646 1069 3725 pater
1124 3640 1415 3707 iudicat
1469 3661 1927 3726 quemquam,
1985 3641 2113 3707 sed
2178 3661 2385 3708 omne
2450 3641 2814 3707 iudicium

547 3745 759 3810 dedit
793 3746 962 3811 silio
1000 3751 1068 3813 et
1101 3767 1311 3813 nemo
1349 3748 1502 3812 scit
1538 3766 1725 3830 quae
1772 3752 1947 3812 sunt
1990 3749 2061 3813 in
2110 3746 2243 3842 dseo
2292 3747 2440 3812 nisi
2488 3747 2812 3830 spiritus

545 3849 683 3927 dei,
732 3851 839 3935 qui
877 3855 980 3916 est
1013 3856 1079 3916 et
1116 3851 1368 3918 Christi.
1415 3871 1538 3935 quo
1585 3852 1774 3919 modo
1820 3871 1969 3938 ergo
2008 3852 2175 3918 diem
2212 3858 2278 3919 et
2320 3853 2538 3919 horum
2575 3852 2816 3919 nescire

542 3955 849 4021 dicendus
897 3961 999 4023 est
1052 3957 1248 4022 futuri
1304 3957 1545 4037 iudicii,
1603 3958 1785 4024 cuius
1841 3958 2106 4041 spiritus
2162 3977 2322 4042 quae
2376 3959 2441 4023 in
2495 3958 2611 4025 deo
2666 3963 2815 4024 sunt

541 4061 742 4137 nouit,
791 4061 869 4126 de
915 4081 1040 4145 quo
1088 4061 1248 4129 dixit
1289 4063 1438 4146 quis
1484 4062 1562 4130 de
1608 4063 1749 4130 eius
1793 4063 2078 4148 accepit?
2126 4064 2180 4129 si
2228 4082 2376 4149 ergo
2414 4064 2523 4147 qui
2561 4063 2638 4130 de
2675 4064 2813 4129 eius

440 4190 502 4235 n
538 4166 787 4249 accepit
831 4167 1015 4232 nouit
1061 4186 1221 4251 quse
1257 4169 1473 4235 futuru
1511 4173 1682 4249 sunt,
1719 4189 1843 4252 quo
1880 4168 2066 4235 modo
2106 4169 2314 4235 nescit
2350 4168 2664 4249 Christus,
2704 4171 2812 4252 qui

539 4273 725 4338 nobis
772 4273 951 4339 misit
994 4275 1290 4358 spiritum
1337 4278 1671 4342 sanctum?
1717 4279 1784 4341 et
1818 4279 2033 4360 poteet
2067 4275 2204 4340 fieri
2239 4279 2316 4340 ut
2350 4275 2537 4340 iudex
2572 4276 2814 4342 nesciat

722 4481 753 4535 7
792 4479 907 4536 001.
944 4483 995 4549 2,
1034 4483 1118 4536 ιε.
1161 4482 1226 4537 19
1357 4485 1417 4537 17
1457 4483 1526 4538 cr.
1566 4481 1684 4538 σοι.
1718 4483 1772 4545 2,
1808 4484 1841 4537 3
1966 4484 2037 4537 2ο
2074 4485 2191 4539 Ioh.
2228 4487 2280 4551 5,
2316 4485 2387 4539 22
2519 4485 2585 4538 21
2625 4483 2653 4538 1
2689 4482 2809 4539 eor.

535 4570 589 4632 2,
633 4569 694 4623 ιι
814 4571 885 4625 22
923 4569 989 4624 cf.
1025 4569 1191 4625 Marc.
1234 4571 1314 4640 13,
1353 4571 1422 4624 32
1538 4572 1609 4625 23
1648 4570 1713 4628 er.
1754 4572 1779 4626 1
1819 4570 1938 4627 eor.
1976 4573 2027 4640 2,
2070 4575 2129 4627 ιι
2250 4573 2321 4627 24
2357 4571 2425 4630 cf.
2460 4570 2578 4626 1011.
2621 4571 2704 4634 ιθ,
2746 4572 2811 4626 15

609 4696 642 4748 3
680 4693 821 4763 ipso]
863 4692 1078 4748 Christo
1115 4694 1216 4748 Ka
1340 4694 1557 4750 habitat
1590 4694 1660 4750 K
1767 4694 2077 4750 diuinitatis
2113 4712 2215 4752 om.
2254 4711 2292 4748 a
2399 4699 2431 4749 5
2469 4693 2589 4764 scd]
2628 4698 2686 4748 et
2712 4692 2808 4747 Ka

533 4783 568 4835 7
608 4781 832 4836 inducat
864 4782 932 4845 K
974 4782 1208 4838 obducat
1245 4801 1283 4838 a
1510 4783 1888 4839 humiliatione
1933 4784 2133 4854 scripsi
2175 4783 2609 4838 humiliationem
2651 4781 2808 4837 ΒΚα

531 4877 569 4919 ⁸
607 4872 662 4924 in
700 4886 800 4925 oni.
840 4871 940 4924 Ka
1082 4872 1522 4942 superstitionem
1552 4889 1589 4925 a
1623 4888 1786 4943 super
1819 4873 2161 4928 institutione
2186 4870 2255 4926 K
2387 4869 2562 4942 uidet]
2596 4871 2663 4925 in
2694 4886 2806 4926 ras.

532 4975 642 5014 non
680 4958 834 5012 uidet
860 4957 926 5011 K
1027 4975 1085 5014 se
1122 4976 1225 5024 om.
1251 4959 1315 5013 K
1384 4962 1446 5014 11
1486 4962 1876 5015 incrementum
1905 4979 1941 5016 a
2048 4961 2233 5032 itaque
2267 4964 2456 5029 (taque
2488 4960 2553 5013 in
2586 4962 2724 5024 ras.)
2749 4959 2809 5013 Β

535 5048 603 5102 14
639 5047 872 5102 oberunt
907 5048 967 5102 Β
1188 5047 1471 5104 conferunt
1511 5048 1651 5104 nihil
1696 5049 1877 5119 (corr.)
1915 5051 1975 5105 Β
2156 5049 2219 5104 18
2267 5046 2571 5103 abaconditi
2606 5063 2710 5103 om.
2747 5045 2809 5099 Κ

530 5136 602 5189 22
640 5134 808 5205 diem]
845 5140 902 5190 et
938 5134 1081 5189 diem
1121 5152 1157 5189 a
1274 5135 1344 5189 23
1381 5135 1480 5193 fut.
1517 5136 1630 5191 iud.
1666 5153 1810 5192 neec.
1848 5136 1951 5191 dic.
1989 5142 2073 5191 est
2108 5153 2148 5190 a
2260 5136 2333 5190 24
2369 5133 2438 5190 de
2476 5135 2607 5205 quo]
2646 5150 2805 5205 quem

531 5224 631 5278 Ka
844 5226 961 5280 eius
1006 5230 1168 5294 (corr.
1216 5230 1336 5292 suo)
1369 5224 1433 5280 K
1475 5231 1707 5294 utroque
1751 5226 1869 5281 loco
2045 5225 2351 5294 25'nescit]
2389 5240 2496 5279 non
2531 5225 2668 5278 sciet
2704 5222 2804 5278 Ka

529 5312 600 5367 26
636 5312 793 5367 nobis
827 5331 930 5369 om.
967 5332 1007 5369 a
