3275 6434
614 1414 785 1485 concub
800 1413 944 1470 e-cve.
1283 1415 1347 1481 231

215 1617 270 1682 sol
293 1609 631 1680 contenebrabitur
649 1611 686 1674 et
701 1607 791 1673 luna
808 1625 877 1673 non
897 1606 1004 1673 (labit
1020 1607 1206 1691 fulgorem
1230 1625 1349 1675 suurn.

215 1719 299 1804 guod
326 1717 454 1803 quidem
482 1719 516 1782 et
541 1715 630 1782 Iobel
656 1714 779 1797 prolata
804 1733 866 1780 uon
897 1714 1117 1798 praetermisit,
1152 1717 1199 1792 ut,
1231 1732 1304 1779 curn
1332 1732 1351 1777 a

215 1826 329 1892 multis
350 1823 557 1909 significetur,
575 1822 643 1887 sius
661 1820 758 1887 dubio
777 1820 902 1902 impleri
920 1819 1074 1885 credatur.
1092 1821 1138 1886 its
1156 1820 1238 1886 enirn
1257 1818 1349 1885 dixit:

215 1933 273 1998 eol
306 1932 553 1997 conuertetur
583 1928 618 1992 in
650 1925 827 1991 tenebras
860 1929 898 1990 et
928 1927 1016 1990 luna
1047 1925 1082 1991 in
1116 1927 1350 2010 sanguinem,

215 2036 438 2122 priusquam
461 2035 591 2100 ueniat
612 2032 695 2097 dies
715 2030 853 2096 domini
876 2049 1030 2116 maguus
1055 2034 1092 2096 ot
1114 2032 1350 2099 manifestus

214 2143 287 2220 boc,
311 2144 463 2225 quantum
487 2143 624 2222 apparot
649 2136 785 2203 secundo
809 2136 959 2203 aduentui
978 2137 1080 2222 magis
1099 2138 1256 2225 congruit3
1276 2143 1351 2205 tunc

215 2247 302 2314 onim
333 2250 438 2329 aperte
474 2243 730 2310 manifestabitur
760 2242 906 2308 omnibus
939 2244 985 2309 sic
1023 2244 1146 2310 (licente
1182 2245 1351 2330 scriptura:

216 2359 307 2420 tunc
330 2352 479 2418 uidebit
501 2351 608 2417 illum
633 2350 750 2417 omnis
774 2351 908 2415 oculus
928 2353 966 2414 et
983 2350 1165 2434 plangent
1183 2370 1221 2417 as
1240 2369 1353 2435 super

216 2459 288 2527 illo
312 2476 438 2525 omues
462 2458 584 2523 tribus
607 2459 729 2522 terrae
759 2461 796 2521 et
826 2457 889 2540 qui
912 2456 1020 2522 illum
1048 2457 1151 2523 cruci
1174 2458 1352 2523 fixerunt.

263 2567 295 2630 2.
318 2563 431 2646 Itaque
458 2563 487 2627 si
514 2563 546 2627 iu
573 2566 707 2644 utroque
734 2562 874 2626 aduentu
900 2561 961 2628 hoc
989 2563 1176 2637 continetur,
1204 2564 1278 2646 qnia
1305 2563 1355 2629 sol

219 2668 496 2736 contenebrabitur
522 2666 586 2732 illis
614 2667 736 2743 diebus,
765 2668 819 2751 qui
847 2667 915 2732 dies
943 2668 1083 2744 illecti,
1116 2686 1178 2750 quo
1210 2669 1355 2753 ampliari

220 2776 321 2841 solam
345 2778 379 2839 at
398 2772 505 2838 lunam
528 2772 642 2838 cecinit
659 2773 836 2855 scriptura?
859 2773 905 2838 ait
923 2773 1006 2839 enim
1024 2774 1105 2839 inter
1122 2778 1227 2840 cetera
1243 2775 1354 2840 Esaias

220 2884 344 2949 diceus:
369 2880 517 2962 eritque
547 2898 659 2963 super
686 2897 827 2944 omnem
855 2883 1014 2945 montem
1042 2880 1229 2946 excelsum
1259 2889 1296 2946 et
1318 2882 1354 2946 iu

221 2986 320 3056 omui
344 2985 428 3051 loco
452 2986 600 3051 excelso
623 3003 718 3067 aqua
739 2985 1004 3067 perambulans
1028 2986 1064 3051 in
1088 2986 1148 3051 ‹lie
1171 2987 1249 3065 illa,
1273 2997 1355 3054 cum

222 3092 407 3179 patierint
428 3090 550 3166 multi,
573 3109 654 3156 cum
679 3091 889 3156 ceciderint
911 3095 1045 3157 turres.
1075 3099 1112 3156 et
1135 3094 1208 3158 erit
1231 3093 1355 3159 lumen

221 3199 332 3265 lunae
358 3202 401 3264 ut
427 3200 550 3280 lumen
579 3198 688 3275 solis;
717 3200 754 3261 et
780 3198 842 3262 lux
870 3197 964 3262 solis
988 3199 1061 3263 orit
1084 3199 1255 3282 septiens
1279 3205 1355 3266 tan-

222 3310 299 3371 tum
328 3305 363 3369 iu
393 3303 462 3382 die,
490 3323 571 3369 cum
601 3303 749 3368 sanabit
775 3302 1041 3369 contritionem
1069 3305 1200 3388 populi
1236 3307 1296 3371 sui
1324 3311 1357 3372 et

223 3415 336 3477 estora
351 3411 406 3494 qui
424 3410 491 3475 dies
505 3413 612 3493 potest
625 3408 779 3492 intellegi,
795 3428 857 3491 quo
871 3410 1018 3491 promisit
1033 3430 1067 3475 se
1082 3411 1228 3478 domiuus
1248 3431 1357 3478 sanare

222 3517 442 3584 contritionem
474 3516 584 3599 populi
617 3516 687 3580 sui?
720 3515 781 3592 hic,
815 3515 933 3596 opinor,
963 3514 1118 3592 aetoliae,
1147 3535 1241 3599 quern
1269 3522 1356 3600 pater

224 3623 373 3692 lobannis
405 3621 571 3688 Zacharias
605 3619 746 3686 ostendit
776 3620 898 3685 dicens:
922 3620 1145 3687 benedictus
1178 3625 1236 3687 ost
1268 3621 1358 3690 deus

223 3729 381 3804 Israhel,
419 3730 506 3810 quia
542 3727 722 3793 uisitauit
758 3730 795 3791 et
829 3727 927 3792 lecit
956 3726 1223 3794 redemtionem
1255 3729 1358 3812 plebi

223 3855 312 3903 suae
341 3839 380 3900 st
407 3833 526 3900 erexit
552 3852 666 3899 cornu
693 3832 834 3898 salutis
862 3835 1015 3898 nostrae
1041 3833 1078 3898 in
1108 3833 1213 3899 llomo
1237 3833 1359 3900 Dauid

223 3942 330 4028 pueri
354 3941 424 4019 sni,
448 3941 550 4007 sicut
572 3940 725 4005 locutus
754 3945 811 4003 est
841 3958 905 4023 per
931 3958 971 4007 os
1000 3942 1214 4005 sauctorum
1241 3940 1360 4024 prole·

311 4198 407 4254 eloe}
424 4199 450 4263 2,
469 4199 500 4252 81
575 4197 693 4269 alpos.
713 4197 772 4256 1.“7
837 4197 870 4252 13
889 4197 961 4252 lissi.
980 4198 1024 4261 80,
1042 4198 1139 4259 eceb
1197 4200 1233 4255 20
1251 4199 1315 4255 Luc.
1335 4201 1360 4270 1,

219 4289 330 4345 ‹la-72

260 4414 273 4466 1
295 4411 441 4481 fulgorem}
459 4410 549 4465 lumen
568 4410 677 4466 PONX
747 4412 763 4464 2
782 4411 913 4482 propbeta
934 4413 957 4464 C
1022 4412 1097 4467 sita
1116 4413 1199 4482 eninr]
1217 4414 1315 4469 iterum
1335 4413 1366 4465 Ν

221 4500 353 4555 Ηιιιιιιιι
369 4501 501 4565 (conlo
553 4499 681 4553 inaniet
698 4498 736 4553 Μ
751 4497 918 4569 (eornm
969 4499 1139 4571 obocJoG
1190 4500 1311 4557 aduentu
1327 4501 1361 4567 G,

224 4587 318 4659 (corr.)
335 4586 361 4640 A
380 4586 487 4655 magnis
506 4586 534 4665 Κ)
639 4582 776 4656 congru-it
794 4585 830 4639 M
907 4586 1014 4641 ‘lenior
1033 4591 1125 4657 aperte
1144 4586 1363 4643 manilsatabitor

224 4672 352 4730 omnibus
368 4673 409 4727 sic
426 4670 534 4727 clloente
561 4673 695 4743 scriptura
722 4676 786 4727 tuuc
813 4688 865 4728 ono.
890 4673 916 4726 P
993 4677 1116 4744 apertum
1142 4673 1363 4730 manifestabitur

222 4762 350 4818 omnibus
367 4767 447 4826 (corr.
467 4759 589 4815 omnibus
608 4765 730 4831 apertum
748 4759 978 4829 manifestabitur)
995 4761 1025 4813 Ν
1075 4764 1115 4816 sic
1132 4778 1184 4816 ono.
1202 4761 1229 4816 ,1
1264 4764 1282 4818 8
1300 4779 1362 4818 enm

226 4850 254 4904 Χ
312 4849 385 4904 ocull
405 4847 430 4901 b·
483 4847 578 4918 sillcl
596 4848 672 4902 illurn
693 4848 747 4902 CX
761 4864 822 4903 eum
840 4849 869 4901 X
939 4865 1031 4904 ornnes
1053 4849 1141 4905 tribum
1162 4853 1251 4905 terrae
1269 4855 1298 4906 et
1315 4851 1363 4921 qai

225 4937 301 4994 illurn
319 4952 362 4992 οι
392 4936 419 4990 Ρ
486 4938 515 4992 11
537 4937 578 4991 illl
596 4935 652 4990 FB
730 4937 860 5007 ampliare
881 4937 909 4989 l·
970 4938 1005 4993 18
1021 4938 1071 5007 sit}
1090 4944 1121 4992 ut
1139 4938 1168 4992 N
1230 4939 1264 4993 14
1281 4941 1363 5009 squs[

224 5041 297 5096 agno
317 5024 347 5076 Ν
398 5024 526 5080 reluces
543 5023 953 5092 om.(cac.orrec.e.1.pu
1005 5027 1047 5096 ut]
1066 5031 1095 5081 et
1108 5026 1163 5080 ΝΧ
1216 5027 1283 5083 solis
1301 5028 1363 5097 alti

224 5112 277 5168 sali
296 5111 324 5166 X
392 5113 426 5166 18
444 5113 503 5182 qui]
522 5113 586 5183 quia
602 5112 630 5165 ,l'
698 5113 731 5167 rs
749 5113 801 5167 hoc
820 5111 897 5165 CXX
970 5115 1066 5185 opinor
1083 5115 1135 5184 est]
1153 5116 1291 5184 opisorern
1309 5114 1365 5170 FB

224 5199 297 5258 ‹lissn
315 5200 384 5256 ΠΝ
455 5201 491 5254 20
509 5206 553 5256 est
569 5216 620 5256 oss.
642 5201 666 5254 .l'
742 5200 867 5255 dominus
884 5201 951 5255 <lens
973 5203 999 5255 Χ
1062 5201 1208 5272 21qu
1277 5203 1364 5274 plebis

226 5289 305 5346 Pal
359 5290 395 5344 28
413 5289 486 5344 lotus
504 5289 541 5344 Μ
