3275 6434
592 1438 730 1504 234
1389 1436 1587 1491 Liber
1622 1439 2085 1506 quaestionum

602 1630 827 1696 stellae
874 1635 1040 1695 sunt.
1088 1631 1345 1696 claritas
1393 1650 1541 1717 ergo
1589 1638 1973 1710 sanctorum,
2023 1649 2183 1714 quae
2221 1631 2325 1695 hic
2363 1630 2646 1713 septiens
2692 1630 2877 1694 hono-

598 1740 794 1814 ratur,
841 1737 905 1801 in
949 1738 1405 1802 resurrectione
1452 1737 1626 1802 alind
1675 1738 1956 1820 septiens
2004 1736 2433 1819 consequitur.
2491 1741 2563 1800 ut
2621 1735 2733 1818 qui
2781 1735 2879 1799 bic

592 1843 952 1909 claritatem
981 1843 1169 1909 lunae
1198 1844 1392 1909 habet
1426 1844 1490 1908 in
1529 1844 1747 1909 futuro
1787 1845 1944 1909 solis
1971 1844 2243 1926 accipiat
2278 1844 2633 1908 claritatem
2673 1846 2743 1906 et
2775 1842 2880 1923 qni

601 1949 706 2014 hic
751 1949 874 2015 soli
921 1954 1296 2033 conparatur
1342 1950 1622 2033 septiens
1662 1953 1909 2015 tantum
1957 1949 2212 2014 futurus
2251 1949 2545 2014 credatur
2579 1948 2879 2032 accipere.

693 2059 754 2120 6.
818 2055 1076 2121 Profeta
1140 2076 1290 2140 ergo
1356 2056 1578 2122 Eseias
1645 2055 1800 2121 solis
1857 2059 1924 2121 et
1978 2057 2163 2122 lunae
2220 2055 2663 2138 conparatione
2711 2072 2881 2119 sanc·
2935 2071 3065 2117 Ξ

597 2166 815 2227 torum
882 2163 1109 2227 merita
1173 2163 1388 2247 augeri
1453 2162 1783 2246 praedixit,
1850 2181 1963 2227 nec
2037 2163 2350 2227 inmerito.
2407 2162 2465 2225 si
2529 2160 2699 2225 enim
2749 2161 2882 2242 ipse

604 2268 898 2333 dominus
956 2269 1077 2333 ‘sol
1131 2269 1443 2333 iustitiae‘
1500 2269 1711 2334 dictus
1771 2273 1891 2346 est,
1966 2270 2171 2335 sancti
2236 2272 2449 2332 antem
2516 2266 2764 2332 similes
2827 2267 2883 2331 ei

596 2377 791 2438 erunt
851 2372 1126 2438 Iohanne
1193 2374 1483 2456 apostolo
1559 2374 1836 2440 dicente:
1924 2394 2085 2440 cnm
2160 2374 2351 2439 enim
2426 2373 2882 2457 apparuerit,

604 2479 835 2562 inquit,
894 2479 1188 2544 similes
1246 2481 1311 2545 ei
1371 2482 1673 2558 erimus,
1730 2483 2028 2546 conuenit
2082 2483 2336 2545 sanctos
2390 2479 2453 2544 in
2511 2479 2647 2544 sole
2694 2477 2886 2562 signi·

604 2585 844 2651 ficatos.
901 2591 1146 2667 septem
1204 2590 1415 2651 tamen
1471 2586 1759 2668 partibus
1817 2587 2117 2652 maiorem
2175 2589 2375 2655 solem
2425 2604 2615 2668 quam
2671 2584 2885 2649 lunam
2921 2601 3065 2647 ι-ιε

605 2692 852 2775 profeta
932 2711 1123 2775 supra
1205 2692 1417 2757 dictus
1501 2692 1794 2758 ostendit.
1878 2693 2126 2775 qnando
2195 2694 2363 2758 enim
2438 2693 2651 2757 lunam
2720 2691 2890 2754 sicut

605 2797 818 2863 lumen
870 2798 1024 2863 solis
1086 2799 1363 2863 futuram
1422 2799 1723 2877 ostendit,
1773 2799 1970 2864 solem
2018 2801 2230 2863 autem
2288 2799 2569 2880 septiens
2615 2801 2886 2867 tantum.

606 2903 684 2968 ad
742 2904 1001 2970 modum
1057 2906 1279 2988 utique
1335 2906 1490 2972 solis
1548 2907 1832 2990 septiens
1887 2907 2099 2971 lunam
2157 2908 2373 2992 augeri
2430 2905 2768 2989 significat,
2819 2907 2890 2969 ut

608 3009 757 3076 talis
805 3011 892 3075 sit
935 3012 1140 3092 qualis
1190 3012 1305 3077 sol.
1355 3014 1650 3093 quamuis
1690 3016 2048 3079 sanctorum
2087 3013 2246 3077 ratio
2286 3013 2387 3076 hic
2425 3015 2732 3090 uertatur,
2769 3011 2886 3075 snb

609 3117 724 3181 hac
781 3121 989 3181 tamen
1048 3136 1242 3181 causa
1296 3118 1703 3182 luminarium
1762 3138 1833 3182 ex
1888 3123 2066 3200 parte
2122 3118 2400 3199 prodidit
2445 3116 2886 3200 quantitatem,
2925 3129 3050 3175 ¹5

608 3225 682 3286 ut
734 3226 883 3306 post
935 3227 1321 3288 crementum
1379 3225 1534 3290 solis
1591 3243 1665 3288 ac
1717 3223 1902 3290 lunae
1958 3230 2204 3289 tantum
2258 3225 2488 3289 iterum
2538 3222 2742 3287 maior
2785 3223 2887 3297 sit,

598 3334 912 3412 quantum
969 3334 1104 3394 erat
1157 3331 1274 3408 sol,
1323 3336 1413 3406 ut,
1463 3334 1768 3413 quantum
1825 3332 1885 3396 in
1943 3332 2258 3414 praesenti
2305 3331 2505 3395 distat
2547 3334 2807 3393 sanctus
2855 3348 2891 3392 a

606 3438 850 3513 sancto,
896 3440 1141 3500 tantum
1192 3436 1389 3500 distet
1435 3443 1495 3501 et
1545 3438 1603 3500 in
1654 3439 1867 3501 futuro
1916 3443 2061 3520 post
2106 3438 2695 3502 remunerationem.

1230 3627 1391 3693 CVI.
1442 3629 1548 3692 DE
1598 3628 1850 3693 LIBRO
1901 3628 2276 3696 GENESIS.

704 3770 756 3831 l.
797 3768 878 3832 In
917 3767 1294 3850 principio
1333 3768 1522 3833 fecit
1559 3769 1741 3833 deus
1782 3771 2065 3834 caelum
2108 3774 2179 3834 et
2214 3773 2508 3834 terram.
2551 3770 2605 3833 si
2643 3768 2890 3833 caelum
2941 3782 3030 3824 20

603 3873 672 3936 in
719 3872 1025 3955 principio
1072 3874 1227 3938 fecit
1272 3878 1337 3938 et
1381 3877 1630 3948 terram.
1690 3875 1933 3938 caelum
1992 3878 2205 3939 autem
2253 3875 2717 3938 firmamentum
2774 3876 2893 3945 est,

606 3979 778 4044 sicut
823 3979 885 4043 in
935 3979 1241 4044 subiectis
1290 3985 1567 4063 apparet.
1618 4000 1739 4045 non
1780 3985 1879 4046 est
1916 3999 2159 4054 uerum,
2198 3981 2348 4062 quia
2382 3979 2553 4061 prior
2586 3979 2694 4043 lux
2733 3979 2896 4043 sacta

601 4089 707 4151 est
763 4090 827 4150 et
881 4086 975 4150 sic
1030 4086 1521 4157 firmamentum:
1573 4086 1745 4151 aliud
1812 4087 1978 4151 enim
2044 4086 2289 4152 caelum
2360 4086 2715 4171 significare
2772 4103 2893 4150 non

609 4195 874 4274 poterat,
914 4192 1061 4275 quia
1098 4192 1403 4257 facturam
1445 4193 1663 4256 mundi
1701 4193 2006 4258 describit
2041 4192 2157 4257 deo
2198 4197 2495 4274 operante
2532 4192 2896 4274 perfectam.

606 4300 865 4381 propter
920 4296 1086 4380 qnod
1143 4299 1310 4362 enim
1368 4298 1637 4362 diuersis
1698 4299 2102 4381 opinionibus
2158 4298 2445 4362 homines
2513 4297 2900 4363 fallebantur
2940 4313 3019 4355 τε»

793 4541 823 4593 7
861 4540 986 4594 Mal.
1027 4543 1077 4602 4,
1117 4541 1149 4593 2
1260 4545 1292 4593 8
1331 4541 1356 4594 1
1396 4541 1509 4596 1011.
1552 4541 1599 4599 3.
1641 4543 1673 4595 2
1781 4544 1850 4596 20
1889 4541 2023 4595 Gen.
2064 4542 2111 4602 1,
2154 4542 2177 4594 1

683 4703 716 4755 2
756 4703 810 4754 in
849 4703 1241 4757 resurrectione
1280 4701 1426 4756 alind
1456 4704 1695 4772 septiens
1726 4718 1825 4757 om.
1858 4703 1912 4755 P
2053 4702 2298 4771 sequitur
2326 4701 2384 4753 N
2478 4703 2510 4755 3
2541 4700 2703 4754 lunae
2731 4700 2899 4755 habet

613 4792 668 4844 in
706 4791 888 4844 futuro
927 4790 1057 4843 solis
1095 4791 1330 4860 accipiat
1366 4791 1667 4844 claritatem
1708 4806 1808 4844 om.
1847 4791 1901 4843 P
2112 4789 2243 4843 luna
2282 4789 2390 4842 CN
2560 4791 2596 4843 4
2632 4789 2806 4843 solem
2846 4789 2902 4840 N

613 4879 813 4933 futuris
850 4879 960 4932 PX
1130 4879 1371 4949 accipere
1409 4896 1513 4932 om.
1549 4881 1603 4933 P
1747 4881 1776 4932 7
1816 4879 2009 4933 similis
2047 4877 2111 4931 N
2274 4879 2326 4932 ei
2361 4880 2545 4947 erunt]
2584 4881 2817 4948 egerunt
2855 4877 2902 4930 (ι’

615 4974 648 5020 9
685 4967 879 5022 similis
922 4968 1025 5021 GN
1188 4969 1254 5022 10
1291 4970 1497 5039 tamen]
1536 4973 1667 5022 tunc
1711 4971 1758 5022 G
1899 4968 1965 5021 12
2004 4967 2240 5022 futurum
2276 4967 2352 5021 M
2522 4967 2755 5036 septiem
2788 4965 2898 5020 FB

619 5059 686 5112 14
723 5061 960 5112 nere-tur
994 5057 1149 5125 (add.
1185 5063 1246 5111 ta
1278 5077 1322 5111 a.
1359 5062 1494 5126 ras.)
1531 5057 1603 5111 M
1781 5059 1846 5110 15,
1885 5055 2124 5127 perdidit
2163 5057 2222 5108 N
2386 5056 2451 5109 17
2490 5059 2751 5124 qnantum
2780 5056 2896 5124 pn]

613 5162 777 5215 qnam
820 5145 870 5201 G
909 5163 1016 5216 qua
1052 5146 1206 5204 (add.
1247 5151 1399 5200 ntum
1436 5164 1478 5200 s.
1521 5147 1579 5210 1.)
1617 5147 1671 5200 A
1817 5151 2102 5216 praesente
2144 5146 2287 5210 G,A
2321 5146 2507 5212 (corr.)
2651 5145 2722 5198 22
2758 5145 2897 5198 sicut

619 5238 776 5289 —est
809 5251 912 5290 ουι.
949 5235 1101 5301 (add.
1140 5237 1246 5304 ins.
1285 5241 1411 5305 my.)
1455 5238 1502 5288 G
1605 5238 1675 5292 23
1714 5237 1791 5290 sic
1827 5251 1930 5290 om.
1972 5235 2025 5288 1¹
2128 5235 2198 5289 24
2236 5233 2513 5289 disseribit
2549 5233 2623 5286 M
2654 5231 2898 5288 discribit

659 5326 668 5337 ‘
700 5325 903 5393 (eom),
942 5324 1054 5377 NA·
1197 5325 1438 5394 perfecta
1475 5325 1582 5377 XX
1691 5327 1759 5380 25
1798 5327 1932 5393 qnot
1972 5325 2026 5377 A·
