3275 6434
242 995 305 1058 422
505 991 679 1062 Appendix
699 991 937 1060 quaestionum
956 993 1019 1044 net.
1038 993 1116 1044 test

244 1183 359 1269 uiginti
381 1201 478 1249 ennon
499 1184 633 1249 transire
656 1202 716 1250 nou
739 1185 860 1265 posset,
883 1181 960 1248 Ieoit
982 1181 1068 1267 quod
1090 1180 1187 1248 doum
1211 1182 1245 1247 in
1265 1186 1384 1248 contru-

241 1288 379 1355 dintione
409 1307 508 1372 squse
534 1307 595 1355 non
623 1288 821 1356 olerifionnit
855 1307 927 1354 num
959 1288 1135 1354 intraturus
1167 1292 1239 1354 erut
1270 1291 1384 1354 terrum

239 1394 470 1478 promissionis,
494 1395 523 1462 si
544 1413 605 1461 non
633 1394 812 1462 obediisset
837 1397 1016 1479 peecatum.
1044 1393 1175 1460 uidetur
1203 1394 1292 1459 onim
1320 1394 1384 1477 qni·

240 1499 375 1565 busdam
387 1501 448 1566 hoo
461 1499 581 1566 dietum
597 1499 636 1566 ud
655 1504 782 1584 tempus
801 1499 905 1584 Moysi
924 1500 1089 1583 pertinere,
1109 1516 1183 1565 oum
1203 1497 1384 1565 inuenietur

240 1605 366 1671 Ioiadee
387 1605 533 1672 sacerdos
557 1609 685 1671 eentum
708 1606 840 1691 trigIntu
861 1623 960 1671 unnos
983 1605 1113 1670 uixisse.
1407 1624 1418 1667 s

107 1896 239 1967 (linere)
313 1881 486 1948 XXXVIII.
506 1880 610 1961 QUID
634 1875 871 1950 CONTINEA'I'
896 1878 1151 1948 BIINIIDICTIO
1174 1879 1318 1961 ΙΔΟΟΒ,

672 1987 793 2069 QUAM
815 1986 955 2052 DEDI'I.

284 2126 353 2193 Non
381 2128 486 2193 solum
512 2146 549 2192 er
576 2126 793 2212 praesentibus
821 2127 926 2193 oensis
956 2125 1057 2191 iutnrr
1096 2125 1193 2190 unius
1226 2125 1382 2210 uniusque

238 2234 340 2299 tribus
354 2234 516 2317 praedixit,
536 2232 591 2299 sed
610 2232 699 2299 etde
718 2232 834 2299 futuris
851 2232 968 2311 future,
987 2249 1123 2316 quorum
1142 2230 1249 2297 sdhuo
1270 2231 1382 2296 umbro

239 2358 300 2405 non
323 2343 399 2417 oret,
422 2340 454 2405 iu
476 2339 593 2424 populo
616 2339 744 2405 IudeIoo
769 2337 972 2424 signifioeuit.
996 2337 1106 2420 quelos
1137 2336 1224 2402 enim
1250 2336 1378 2402 tutuno
1393 2362 1414 2405 u

241 2448 348 2511 essent
369 2445 513 2529 singulae
535 2443 637 2510 tribus
659 2445 812 2523 moribus,
834 2443 907 2521 fide,
931 2442 1109 2528 discipline,
1132 2441 1269 2520 luxurie,
1292 2445 1382 2527 petu-

239 2551 346 2627 lantis,
365 2553 548 2633 contemptu
567 2550 649 2630 iidei,
662 2555 708 2629 ut,
721 2569 794 2617 oum
813 2549 852 2615 de
871 2567 933 2616 uno
954 2553 1052 2628 erunt,
1073 2552 1264 2614 nontamen
1284 2567 1379 2614 unum

239 2659 409 2732 seruarent,
442 2655 591 2722 ostendit.
624 2655 722 2738 uliqui
754 2655 839 2720 enim
871 2654 1072 2738 proiecerunt
1102 2654 1134 2720 in
1167 2653 1301 2733 melius,
1329 2652 1378 2719 nlu

240 2759 518 2838 deterioreuerunt‚
541 2761 596 2826 alii
619 2765 868 2843 permenserunt,
893 2764 929 2824 ut
953 2777 1010 2844 per
1032 2759 1092 2824 Inoo
1116 2776 1178 2824 non
1203 2758 1267 2825 sibi
1297 2777 1378 2843 prae

238 2866 414 2951 rogetiuem
446 2867 571 2952 generis
604 2865 808 2943 uindicarent,
842 2884 914 2930 eum
943 2864 981 2929 nb
1009 2882 1046 2930 eo
1078 2864 1149 2947 ipso
1180 2861 1411 2947 proediqumu

240 2975 326 3036 osset
357 2972 510 3055 quosdam
539 2991 575 3037 ex
603 2972 663 3049 his,
696 2971 750 3055 qui
783 2970 894 3053 utique
926 2988 962 3033 er
995 2969 1064 3034 eius
1100 2973 1210 3034 essent
1248 2968 1376 3054 origine,

238 3077 387 3160 reprobos
410 3078 544 3154 futuros,
568 3078 664 3143 immo
688 3078 806 3143 multoe
831 3078 999 3159 perituros,
1024 3075 1069 3139 itu
1092 3079 1129 3138 nt
1148 3073 1204 3139 ulii
1223 3073 1377 3159 significu-

240 3187 348 3246 rentur
383 3183 570 3257 subintrare,
610 3184 665 3264 qui
698 3182 736 3246 nd
769 3200 876 3247 eorum
911 3180 1048 3246 dedecus
1081 3182 1115 3244 ot
1145 3178 1376 3245 damnationem

238 3287 448 3352 insererentur
475 3287 507 3352 in
535 3291 690 3366 naturum,
714 3306 749 3352 er
778 3305 841 3369 que
868 3287 916 3352 ilii
944 3285 1134 3351 exciderunt.
1161 3284 1377 3368 promisouum

240 3411 314 3477 ergo
341 3393 495 3476 populum
523 3393 553 3456 in
583 3393 728 3458 omnibns
756 3392 904 3457 tribubus
933 3391 1076 3457 futurum
1105 3389 1291 3466 deelamuit,
1320 3407 1412 3472 quen

239 3497 393 3563 uarietate
415 3501 480 3563 tem
503 3498 576 3562 boni
599 3498 654 3563 sed
678 3498 781 3580 pauci,
805 3517 899 3581 quem
923 3497 999 3562 meli
1023 3495 1079 3561 sed
1103 3495 1197 3560 multi
1217 3493 1377 3578 intellege

239 3609 353 3669 rentur.
367 3611 399 3669 et
413 3606 558 3688 quemuIs
574 3611 734 3687 sceptrum
750 3604 872 3669 dederit
884 3603 999 3685 Ioseph
1019 3602 1083 3668 filio
1103 3620 1161 3668 suo
1181 3600 1222 3665 ed
1240 3604 1377 3685 tempus.

238 3707 350 3773 Iudam
382 3715 486 3775 temen
519 3712 671 3794 praefecit
702 3710 859 3786 omnibus,
893 3728 952 3774 non
981 3707 1065 3791 quod
1097 3726 1206 3773 omnes
1235 3725 1273 3773 ex
1301 3705 1377 3771 Iudr

238 3814 343 3880 idonei
366 3821 474 3881 essent
496 3817 605 3894 futuri,
628 3816 683 3882 sed
707 3816 948 3900 quaestuosior,
968 3814 1021 3897 qui
1042 3833 1115 3879 uere
1135 3832 1187 3879 rer
1206 3818 1268 3892 est,
1288 3832 1325 3879 en
1343 3829 1378 3878 es

238 3921 323 3987 tribu
347 3921 498 3987 oriundus
522 3925 590 3986 eret
612 3922 784 3987 seeundum
808 3940 941 3986 curnem.
1392 3945 1414 3990 u

285 4128 466 4193 XXXVIIII
491 4157 533 4187 =
557 4129 642 4194 XLII

331 4405 396 4459 lei.
417 4406 593 4464 nossem
649 4408 682 4460 cI.
703 4406 781 4461 Num.
800 4405 844 4470 27,
865 4406 898 4459 14
944 4403 1258 4470 ecs.11Por.24,15
1309 4403 1376 4458 dei.

241 4493 307 4548 Gen.
325 4494 368 4557 49,
387 4494 472 4547 2-27
528 4495 564 4548 24
583 4493 616 4548 os.
635 4494 734 4550 Mettis.
757 4495 779 4554 l,
799 4494 824 4547 2.
844 4494 860 4548 8
880 4499 909 4546 et
926 4492 1010 4561 ripun.
1030 4495 1056 4557 5,
1075 4492 1091 4544 i

278 4667 401 4736 Iduum]
421 4683 480 4722 eum
499 4666 561 4722 ΒΚ
621 4668 684 4721 din
703 4672 767 4720 onie
786 4670 884 4719 terrum
904 4663 971 4718 odd.
991 4681 1010 4717 o
1071 4663 1159 4718 3hoe
1177 4662 1342 4734 quibusdum
1360 4681 1377 4715 a

239 4755 406 4810 dloisdsa
460 4756 617 4810 deontinot
634 4755 664 4810 D
721 4753 844 4822 ruerit]
865 4752 929 4807 add.
950 4751 1012 4807 filiis
1031 4752 1086 4804 suis
1107 4769 1124 4804 a
1187 4752 1220 4807 12
1240 4756 1269 4806 et
1287 4757 1377 4807 tumen

241 4859 428 4898 unumunurn
484 4844 518 4897 22
538 4842 594 4896 tilio
612 4860 659 4897 suo
679 4842 776 4913 Ioseph
796 4860 814 4894 u
