3275 6434
637 1379 711 1451 esp.
729 1380 818 1436 xum
839 1379 1035 1436 1-xc11111.
1354 1386 1399 1449 71

261 1580 295 1638 ct
315 1572 404 1639 uliud
428 1573 645 1655 offerre-quod
667 1575 775 1638 contre
796 1574 899 1658 legem
927 1592 986 1639 nou
1016 1578 1113 1641 esset.
1141 1575 1197 1640 sed
1220 1574 1343 1640 fidelem
1368 1595 1402 1642 sc

260 1679 424 1761 praestitit
447 1679 556 1744 ieiuno
587 1678 784 1763 perricidsm,
819 1696 893 1744 cum
920 1684 1046 1746 constet
1067 1680 1161 1746 iidem
1185 1681 1316 1747 stultum
1340 1701 1400 1746 uon

262 1785 367 1851 solnm
390 1783 521 1850 minime
538 1783 699 1868 prodesse,
718 1784 775 1850 sed
794 1785 914 1851 obesse.
934 1787 965 1849 in
989 1804 1064 1851 cnon
1088 1788 1195 1869 itnque
1218 1786 1302 1852 iilius
1325 1803 1401 1853 enee

262 1892 330 1973 ipse
353 1894 514 1956 nectet-ns
537 1893 597 1968 eei,
620 1890 702 1956 unde
726 1893 759 1955 et
782 1890 861 1956 deus
883 1911 903 1956 e
924 1891 981 1955 teli
1000 1892 1155 1958 sacrificio
1174 1892 1401 1958 dissimulauit.

236 1997 289 2061 ssi
319 1995 407 2061 enim
438 1994 498 2061 hoo
530 1995 756 2078 prohibuisset,
789 1995 875 2060 uliud
908 1997 1018 2062 offerre
1046 1997 1108 2062 eibi
1136 1997 1228 2063 ilium
1255 1997 1398 2064 uoluisse

261 2100 435 2175 uideretur,
452 2118 525 2165 curn
540 2101 636 2166 sciret
650 2104 686 2163 ut
699 2099 865 2185 iudignum
885 2119 945 2168 non
964 2100 1077 2166 debere
1091 2101 1181 2168 illurn
1198 2102 1317 2168 offerre.
1336 2101 1402 2167 dliu

260 2212 366 2272 sutem
391 2207 461 2272 eius
483 2206 607 2271 lucrum
627 2206 714 2283 iecit,
734 2206 808 2289 quin
825 2207 976 2273 innocens
994 2208 1025 2272 iu
1045 2207 1138 2272 melis
1158 2209 1257 2290 petris
1276 2212 1401 2274 mortua

262 2330 361 2393 poens
382 2312 488 2377 cernit
508 2310 610 2389 interi,
633 2310 718 2394 quod
742 2310 795 2376 diu
819 2313 901 2378 forte
920 2313 1055 2379 uiuendo
1075 2312 1208 2397 adipisci
1227 2313 1388 2395 nequisset

302 2419 337 2485 4.
369 2416 417 2484 Ut
446 2420 554 2484 sutem
585 2417 766 2501 triumphus
798 2417 951 2484 uictorine
987 2420 1113 2500 iepthee
1149 2423 1385 2502 prosequemini

230 2543 250 2583 o
263 2541 322 2589 non
346 2524 495 2590 meritum
519 2524 589 2589 eius
618 2522 695 2589 fecit
723 2541 826 2607 neque
848 2525 973 2608 popuii;
997 2543 1054 2590 osc
1076 2526 1160 2590 euim
1187 2525 1305 2610 iegitru
1327 2544 1402 2608 snp-

263 2628 361 2711 plieee
383 2628 460 2695 illos
481 2629 583 2695 tuisse
601 2627 670 2704 deo,
694 2631 732 2695 ut
753 2628 843 2695 dmet
864 2629 910 2695 eis
933 2629 1140 2696 defensorem.
1164 2634 1221 2695 nuit
1247 2629 1401 2710 numquid

263 2734 367 2816 ipennn
393 2734 522 2816 iepthse
544 2733 623 2799 deus
646 2733 737 2799 misit
763 2738 818 2798 aut
847 2733 1014 2800 adlocutus
1043 2738 1113 2800 eet?
1142 2735 1199 2800 sed
1226 2735 1299 2816 quio
1323 2735 1399 2800 nilo-

263 2838 306 2903 on
342 2838 422 2904 deoe
450 2855 527 2903 euos
550 2837 731 2914 teudsbnnt,
760 2839 850 2921 qussi
885 2839 938 2921 qni
972 2837 1135 2905 subiectos
1167 2838 1233 2905 iliis
1265 2839 1402 2904 fecerent

263 2943 344 3010 filine
381 2943 512 3020 leand,
549 2942 766 3025 uitupernntee
802 2943 896 3010 deum
932 2944 1086 3019 Abrahae,
1122 2944 1239 3010 idcirco
1276 2948 1403 3026 propter

231 3050 411 3114 eionorenr
450 3048 585 3114 nominis
622 3049 673 3115 sni
705 3049 783 3116 deus
820 3049 998 3115 uindicnuit
1038 3051 1067 3114 in
1101 3049 1246 3116 allofilos.
1280 3050 1307 3115 si
1339 3069 1400 3115 non

263 3158 388 3237 propter
409 3154 501 3230 istos.
525 3155 578 3220 uel
600 3160 729 3238 propter
750 3155 899 3221 meritum
922 3155 1066 3221 Abrshne
1094 3160 1127 3220 et
1148 3174 1242 3220 eurum
1266 3156 1390 3221 culmen

264 3263 316 3324 eut
336 3259 504 3342 numquid,
527 3259 603 3342 quin
623 3259 757 3342 spiritus
780 3259 899 3326 domiui
921 3260 1047 3326 insiluit
1067 3261 1098 3325 in
1122 3260 1276 3344 Sampson
1304 3279 1401 3326 nnme-

263 3364 437 3438 viantem,
465 3363 581 3449 dignus
614 3363 746 3442 dinetus,
778 3383 851 3430 cnm
883 3365 943 3431 hoc
974 3366 1093 3430 facturn
1126 3367 1328 3450 intellegetur
1359 3366 1399 3431 ud

263 3468 448 3535 nlloiilorunn
472 3468 666 3551 perniciem?

231 3750 251 3791 o
534 3729 661 3794 XLHH.
685 3729 906 3797 eburneus
933 3731 1123 3798 idoneos.

304 3874 331 3936 l.
350 3870 513 3952 Scriptum
532 3875 583 3937 eet
600 3871 630 3935 in
652 3872 745 3937 ilseiu
761 3872 898 3957 profete:
918 3872 1047 3939 domus
1071 3893 1149 3940 men
1172 3875 1303 3940 domne
1324 3893 1398 3940 orn-

263 3976 376 4042 tionis
414 3976 616 4043 nocebitur
653 3976 826 4042 omnibus
862 3978 1051 4062 gentibus.
1089 3978 1145 4044 eed
1177 3980 1259 4046 fonte
1292 3979 1398 4049 dicent

264 4081 381 4147 iudnei:
401 4081 525 4149 ‘domus
548 4081 610 4159 dci,
629 4081 661 4146 id
685 4085 736 4148 eet
757 4101 927 4167 synagoge,
947 4083 1093 4150 omnibns
1111 4088 1221 4167 petet)
1243 4104 1301 4152 uec
1318 4086 1399 4153 reni—

262 4188 364 4254 timur.
392 4189 440 4254 ite
460 4191 565 4252 tumen
589 4191 636 4267 ut,
659 4172 744 4254 siout
766 4207 900 4272 semper,
928 4188 1105 4255 circumcisi
1134 4192 1331 4273 applicentur·
1358 4191 1397 4255 nd

346 4461 379 4514 l'e'
400 4460 435 4515 ci.
454 4459 530 4518 indd.
551 4462 592 4528 15,
614 4462 646 4517 14
665 4464 715 4518 cto.
770 4465 800 4515 ‘21
824 4462 897 4517 Beni.
917 4465 959 4527 56,
980 4465 994 4515 ῖ

292 4621 308 4677 s
327 4617 467 4691 perseus
482 4590 569 4676 15er
619 4620 738 4676 seno
754 4621 837 4677 Pron
894 4624 913 4675 4
930 4624 1066 4677 mentun
1084 4626 1126 4677 os
1139 4624 1244 4691 parare.
1263 4639 1344 4678 om..
1363 4624 1399 4677 nr

263 4710 362 4764 mm
380 4709 464 4776 (corr.
481 4709 540 4773 sot)
557 4705 586 4761 B
656 4708 787 4780 'ipetriie
804 4713 898 4777 (corr.)
915 4707 949 4762 N
1034 4708 1163 4765 8inierri
1182 4708 1209 4761 P
1224 4706 1322 4763 inicrni
1342 4709 1396 4764 ΕΑ

263 4794 427 4864 memineo
443 4793 473 4848 P
574 4793 608 4850 10
625 4792 702 4867 tecit]
720 4793 818 4852 iecerit
835 4801 930 4864 (corr.)
947 4797 1046 4853 si‘ooee.
1067 4798 1095 4850 Χ
1186 4796 1344 4854 leniendi
1361 4797 1399 4852 H

263 4881 291 4937 lt
307 4897 379 4953 que
396 4882 468 4952 siqui
486 4881 626 4959 ‹ssceerG
681 4883 737 4938 iilis
755 4881 835 4938 deum
853 4900 931 4940 ennrn
950 4883 977 4938 P
1029 4885 1062 4939 17
1081 4884 1178 4939 insiliit
1196 4883 1278 4940 Pon·
1332 4902 1395 4940 esn-

262 4984 305 5023 een
323 4967 353 5023 Ρ
368 4984 491 5024 nemun
510 4974 601 5037 (corr.)
618 4970 655 5025 Μ
670 4987 777 5027 nnueon
797 4971 882 5027 GNX
933 4973 1145 5029 meritricutenn
1162 4971 1230 5027 HN
1273 4974 1306 5029 18
1324 4972 1395 5030 diee-

262 5056 314 5126 ω]
332 5054 461 5127 ὅροιν
480 5036 621 5116 onem
637 5057 698 5117 Nx
775 5061 812 5116 eo
829 5059 971 5116 uenenum
989 5058 1050 5114 rur
1128 5061 1161 5115 21
1183 5064 1226 5115 ee
1242 5077 1293 5116 on.
1314 5060 1397 5116 cren·

262 5141 293 5197 11
309 5143 453 5199 renitetur
469 5143 505 5210 (1)
524 5144 603 5216 (corr.
622 5147 789 5216 remiserunt)
805 5148 844 5204 11
903 5149 939 5205 11
957 5151 997 5203 ite
1015 5151 1117 5218 innuen!
1138 5151 1217 5205 itero·
1231 5153 1311 5217 (corr.
1330 5151 1395 5205 odd.

262 5235 288 5284 te
303 5247 325 5285 e.
343 5231 374 5297 1.)
396 5229 420 5285 0
491 5232 562 5286 ¹sicut
578 5247 629 5287 oue.
647 5234 680 5288 N
747 5235 920 5307 spplicentur
937 5237 973 5291 Μ
