3275 6434
179 687 1122 1021 -
1250 986 1256 1001 ¹.
1275 980 1298 1001 h.

533 2007 1081 2123 PROLEGOMENA.

794 2214 819 2279 Ι.

283 2357 452 2442 Augustini
471 2357 596 2422 nemine
619 2355 702 2420 Inani
721 2373 823 2439 pauca
845 2356 962 2438 scripta
985 2354 1022 2418 ud
1046 2356 1184 2419 nostram
1202 2359 1305 2435 usque
1324 2371 1374 2418 ae·

244 2468 334 2527 tutem
357 2466 576 2546 peruenerunt,
600 2479 680 2544 quac
703 2461 840 2526 editores
868 2460 978 2525 subtili
1004 2459 1147 2524 acumine
1169 2463 1207 2523 ut
1229 2457 1373 2542 supposi-

243 2568 313 2631 tiein
334 2570 519 2651 respuentes
542 2566 722 2651 appendicis
745 2569 869 2631 tentum
892 2565 962 2631 Ioco
981 2563 1099 2647 publici
1123 2564 1201 2628 iuris
1219 2563 1371 2628 fecerunt.

243 2693 337 2755 neque
350 2677 455 2738 tannen
470 2672 540 2737 inde
558 2688 654 2737 causa
670 2670 807 2755 petenda
825 2675 884 2750 cst,
903 2687 960 2736 cnr
977 2688 1014 2735 aa
1031 2670 1246 2753 neglegamus.
1263 2685 1372 2750 quam-

241 2796 330 2861 quam
355 2778 438 2843 enim
461 2778 564 2844 multa
585 2776 742 2843 eiusmodi
761 2776 915 2861 opuscula
932 2774 1158 2841 recentiom’bus
1175 2771 1372 2857 temporibus

241 2883 418 2949 stabiliendi
444 2882 580 2949 alicuius
607 2882 764 2968 dogmatis
792 2900 889 2948 causa
915 2882 967 2946 uel
995 2880 1066 2946 aliis
1089 2879 1264 2945 rationibus
1287 2895 1371 2944 com·

240 2989 312 3053 moti
340 2987 461 3053 falconii
487 2986 743 3071 inpudentissimi
774 2986 999 3063 confinxerunt,
1030 2989 1135 3050 tamen
1166 3003 1228 3049 non
1256 2982 1372 3050 (imunt

239 3094 334 3158 attera
357 3112 393 3158 ex
416 3097 504 3177 parte
525 3092 611 3158 band
634 3093 825 3176 spernendae
848 3091 1047 3174 antiquitatis
1070 3095 1103 3156 et
1129 3088 1293 3174 dignitatis
1316 3087 1370 3154 de·
1467 3178 1469 3181 Ι

240 3202 392 3275 cementa,
421 3215 501 3279 quae
526 3201 644 3274 umen,
671 3198 819 3281 quonism
846 3198 915 3263 sine
942 3196 1105 3279 scriptoris
1132 3194 1258 3260 nomine
1284 3193 1370 3258 edita

239 3302 286 3367 uel
302 3301 422 3366 tundite
439 3307 537 3381 eraut
555 3301 653 3368 medii
671 3303 741 3368 seui
760 3302 852 3368 scIoIi
869 3303 1046 3368 litterarum
1060 3301 1240 3366 Labeatum
1257 3318 1369 3383 parum

238 3407 325 3490 periti
340 3407 542 3473 celeberrimo
556 3408 728 3492 Augustini
745 3407 872 3472 nemine
889 3407 1041 3492 insignire
1060 3426 1121 3473 uon
1134 3403 1369 3472 dubitauerunt

238 3515 329 3594 atqem
356 3511 451 3576 etiam
479 3530 571 3594 opus,
598 3512 682 3595 quod
709 3511 761 3577 hic
794 3511 948 3577 edendum
976 3512 1184 3595 suscepimus,
1214 3514 1253 3574 ut
1283 3512 1368 3575 certo

237 3617 404 3701 Augustini
426 3636 487 3683 nen
510 3621 570 3696 est,
592 3617 638 3682 ita
660 3618 706 3683 eis
729 3616 926 3702 temporibus
945 3617 1109 3701 scriptum,
1127 3615 1244 3699 quibus
1263 3614 1367 3680 etme-

238 3720 307 3786 Aum
326 3721 513 3787 adulescens
531 3726 599 3787 erat
616 3723 684 3806 Ipse
699 3723 910 3807 Augustinus,
930 3726 981 3788 sat
998 3722 1099 3787 multa
1118 3719 1268 3798 confluet,
1287 3737 1368 3803 quas

237 3825 386 3893 studiosis
413 3827 483 3893 siue
508 3827 659 3894 historiae
687 3828 757 3893 siue
783 3827 963 3912 theologIao
990 3827 1060 3892 siue
1081 3827 1210 3910 liuguae
1234 3825 1367 3909 denique

236 3931 333 4012 buius
356 3950 505 4016 perquam
530 3933 595 3999 sint
617 3932 719 4000 utilia.
733 3935 758 4013 ¹)

274 4036 371 4114 Libri,
399 4038 453 4120 qui
485 4037 693 4115 museum
721 4040 837 4104 nm
864 4045 894 4102 ct
920 4039 1004 4104 nonen·
1025 4038 1206 4103 casamenti
1226 4036 1370 4121 praebet,

236 4145 307 4208 tres
329 4143 468 4209 formas
490 4143 582 4210 nobis
604 4143 802 4208 tradiderunt
823 4143 949 4210 codices
971 4162 1066 4209 manu
1089 4142 1210 4225 scripti,
1234 4159 1366 4224 quarum

235 4247 329 4329 prima
349 4248 571 4330 complectitur
587 4250 788 4331 quaestiones
807 4247 858 4315 CL
875 4249 943 4330 (uel
959 4249 1067 4333 potius
1082 4247 1160 4326 CLI,
1179 4248 1234 4314 sed
1252 4248 1368 4313 ultima

235 4353 375 4435 quaestio
402 4352 496 4419 bodie
522 4372 582 4419 non
608 4353 744 4438 amplius
768 4357 894 4436 exstat),
917 4374 952 4421 ea
976 4353 1092 4439 quibus
1115 4353 1186 4419 LVI
1209 4353 1248 4418 ad
1271 4357 1366 4418 uetus

232 4462 454 4524 testamssumn
486 4463 520 4524 et
545 4457 664 4525 XCIIII
689 4460 754 4536 (uel
784 4458 886 4545 XCV)
917 4461 1086 4544 separatim
1119 4463 1300 4525 numeratae
1332 4458 1365 4523 in

232 4562 391 4628 mctIcibus
414 4562 452 4628 ad
475 4580 592 4629 nouum
615 4567 842 4630 testamentum
865 4565 1032 4649 pertinent,
1049 4564 1187 4631 secunde
1205 4561 1366 4640 cxxvm

233 4668 393 4752 questioni
410 4669 616 4753 manuscripti
633 4671 784 4736 continua
800 4689 1001 4737 numerorum
1021 4671 1101 4737 serie
1117 4670 1254 4749 oncant,
1271 4668 1367 4734 tertia

234 4771 322 4853 CXV,
348 4791 427 4857 ques
454 4772 578 4838 codices
606 4774 747 4840 numeris
779 4775 825 4840 ita
857 4775 1066 4861 distinguunt,
1094 4780 1132 4840 ut
1161 4776 1261 4858 primo
1292 4773 1363 4839 loce

232 4877 396 4943 XXXVIII
426 4880 628 4961 quaestiones
660 4882 778 4948 ueteris
806 4884 1000 4961 testamenti,
1029 4881 1165 4949 secundo
1193 4882 1262 4946 loco
1292 4879 1365 4945 cvl

274 5069 295 5134 ι)
312 5068 369 5124 Nee
385 5069 520 5126 dissum
538 5075 582 5126 est
598 5071 644 5127 bio
661 5071 696 5127 (Ie
713 5072 821 5142 aliquot
837 5077 959 5129 aeterum
978 5068 1183 5141 edatiustious,
1202 5088 1255 5143 qua
1272 5075 1366 5142 pactas

234 5157 317 5211 ultien
338 5157 425 5213 ΜΗ
447 5160 537 5230 operis
555 5158 691 5215 Ambrosii
713 5177 812 5216 nomeu
834 5177 899 5231 pres
916 5179 946 5216 se
962 5176 1162 5231 nonunquam
1181 5161 1273 5216 temet
1290 5159 1366 5226 (uide

235 5244 297 5300 im·
313 5262 357 5317 pp.
375 5244 472 5301 ml.
491 5245 628 5317 XXXIII).
