3275 6434
692 1378 767 1450 Cup.
786 1378 949 1435 xv-XVII
968 1380 994 1436 1.
1373 1385 1416 1451 43

266 1576 351 1640 oiout
377 1575 412 1640 ot
437 1572 531 1653 illud,
559 1565 646 1657 quoti
673 1574 816 1641 eductu
844 1573 923 1639 dicit
951 1573 1033 1641 inter
1062 1577 1168 1640 cetero
1196 1575 1236 1641 ud
1263 1575 1415 1643 Iuineoe:

266 1694 382 1764 quere
395 1683 518 1746 etuoe
537 1679 763 1766 praeteritio
782 1679 999 1746 mundatum
1019 1679 1090 1760 dei,
1109 1684 1152 1747 ut
1169 1680 1415 1747 traditionem

266 1790 434 1852 nentrum
456 1786 666 1854 etntuutiet
687 1804 771 1852 nom
795 1785 894 1854 dixit
916 1786 1022 1852 done:
1043 1787 1192 1853 ‘honoro
1213 1790 1360 1871 petrem
1378 1791 1417 1853 et

265 1896 434 1958 netrern’
467 1896 520 1959 et:
548 1892 622 1976 ‘qui
653 1892 749 1959 mule
777 1892 917 1959 dixerit
939 1892 1040 1976 putri
1062 1895 1129 1959 unt
1149 1893 1272 1972 metri,
1294 1896 1415 1960 morte

241 1999 472 2067 onoriutur'.
490 2017 559 2065 uoe
578 2003 704 2066 eutem
723 1997 874 2065 dicitis:
893 1999 1131 2083 ‘quicumque
1153 1998 1292 2065 dixerit
1315 1997 1415 2083 putri

266 2108 327 2171 out
345 2105 474 2171 metri:
488 2110 615 2172 “omne
633 2123 768 2171 munue
788 2104 1051 2190 quodcumque
1069 2104 1188 2172 fuerit
1205 2124 1247 2171 or
1261 2124 1328 2185 nne,
1342 2104 1414 2171 tibi

265 2210 472 2294 proderit’'‚·
491 2216 530 2277 ct
551 2229 621 2278 non
643 2209 847 2277 honoruuit
864 2215 1010 2295 putrem
1029 2214 1095 2277 out
1112 2214 1271 2277 matrem
1290 2203 1414 2277 euom'.

264 2317 331 2383 nine
362 2315 464 2383 dubio
494 2336 551 2402 per
580 2316 793 2400 conpendium
820 2317 882 2385 hoc
910 2317 990 2383 dixit
1018 2318 1170 2397 column,
1198 2320 1237 2383 nt
1262 2316 1414 2383 subintel·

264 2422 390 2508 legetur
418 2423 602 2490 onoondotee
634 2422 836 2502 Iudueorum‚
867 2423 944 2488 dum
975 2424 1129 2490 ouuritiue
1161 2423 1336 2501 studerent,
1364 2422 1414 2488 dei

233 2531 368 2614 oleqonn
391 2528 568 2613 epreuioee3
586 2528 686 2612 impin
708 2528 792 2594 enirn
815 2528 1048 2612 conspiratione
1072 2529 1244 2596 concilium
1263 2529 1416 2596 dederunt

265 2634 349 2714 tiliio,
388 2638 428 2701 ut
462 2635 547 2703 mulo
583 2634 725 2701 dicentes
762 2637 886 2719 petrem
920 2639 982 2701 out
1018 2637 1153 2702 metroni
1190 2634 1414 2719 quodcumque

266 2741 411 2807 offerrent
428 2740 523 2827 quui
539 2741 659 2807 donum
673 2740 744 2822 deo,
763 2759 818 2824 por
837 2739 922 2824 quod
936 2740 1010 2807 (inte
1023 2740 1180 2807 cententio
1193 2740 1226 2805 in
1241 2739 1413 2805 maledicor

265 2847 455 2926 solueretur,
494 2846 578 2915 unde
613 2847 721 2914 eccuni
757 2845 835 2914 uoti
871 2846 929 2914 filii
967 2851 1077 2913 contre
1118 2846 1170 2912 dei
1207 2848 1413 2931 praeceptum

265 2953 510 3021 contemnebunt
525 2955 683 3038 purentee.
701 2953 748 3018 itu
760 2952 949 3039 conopoea,
964 2972 1037 3020 cum
1050 2953 1201 3021 insontum
1216 2952 1278 3018 eibi
1292 2951 1416 3018 uideret

231 3058 424 3145 coquum,
446 3059 637 3145 intellegor·
659 3077 788 3128 cuneum
813 3059 891 3142 quid
912 3057 981 3125 fieri
1004 3058 1134 3126 deberet
1151 3058 1294 3125 ostendit
1310 3057 1411 3135 uxori,

267 3169 299 3231 ut
317 3164 486 3232 recederet
507 3164 546 3230 ob
570 3183 607 3231 eo
630 3163 774 3250 ungetur,
800 3164 856 3249 qui
879 3183 952 3231 eum
977 3164 1150 3248 quaerebat
1172 3162 1328 3229 occidere.
1355 3160 1416 3227 hoc

266 3270 526 3356 subintellegitur
547 3271 580 3335 in
597 3270 657 3336 hnc
676 3288 783 3350 conen
803 3270 891 3336 eicut
908 3273 942 3335 ot
958 3269 1041 3336 illud
1058 3269 1144 3354 quod
1162 3288 1259 3351 eupre
1277 3268 1413 3333 diximus

266 3377 292 3442 iu
315 3375 514 3444 mudotee.

265 3580 363 3648 nvn.
403 3579 510 3662 QUID
544 3579 623 3647 EST
656 3579 715 3647 UT
753 3578 1024 3646 Mnunmcuos
1058 3579 1185 3649 nicer
1218 3578 1292 3660 QUI
1323 3581 1412 3648 NON

234 3684 706 3768 commimscuntur
719 3686 766 3752 IN
783 3685 976 3765 Ismuc,
990 3686 1073 3752 Pulc
1090 3686 1248 3753 nsnlffl
1265 3688 1413 3755 AUTEM
1502 3772 1505 3779 Ι

265 3793 383 3862 NIHIL
406 3791 565 3860 ossnssn
592 3790 721 3859 nicer
748 3791 1027 3871 SPADONIBUS,
1056 3789 1159 3872 QUIA
1185 3792 1412 3861 counimur

675 3897 765 3965 NON
786 3895 1002 3966 POSSUNT?

308 4044 337 4109 l.
351 4040 512 4123 Quonium
526 4040 619 4107 uliter
637 4047 733 4126 quoin
752 4039 862 4106 (lutum
877 4043 945 4106 erut
957 4040 1104 4126 intellegi
1122 4043 1279 4125 coeperat,
1292 4040 1411 4107 idcirco

264 4149 374 4215 lisuino
397 4146 522 4232 profete
544 4145 685 4212 ostendit
711 4148 825 4231 posteo
852 4164 915 4231 quo
944 4164 1040 4212 eonon
1064 4145 1187 4212 dicim
1214 4149 1311 4213 cenet.
1339 4166 1412 4212 curn

235 4256 345 4321 renim
369 4253 433 4321 hoc
456 4272 493 4319 or
515 4271 612 4319 ceusu
635 4252 746 4318 onenoi
770 4251 822 4317 dei
845 4251 1022 4318 sententiae
1044 4251 1115 4319 loco
1143 4252 1286 4336 positum
1314 4257 1412 4331 eooet,

266 4363 336 4446 quin
374 4359 557 4426 docerentee
599 4358 694 4424 deum
724 4358 758 4425 in
795 4374 833 4424 oo
869 4358 1139 4443 percutiebantur,
1181 4378 1220 4425 ne
1257 4359 1410 4425 ducentes

265 4485 376 4534 uxoreo
404 4482 512 4531 eemen
540 4464 761 4546 relinquerent,
795 4462 844 4530 cic
871 4464 933 4531 hoc
960 4465 1095 4548 erripuit
1126 4482 1211 4530 error
1242 4465 1411 4542 humanus,

349 4637 488 4696 umen.
509 4637 640 4703 lou-6
723 4636 995 4700 leer.1ix.2u.2o
1015 4636 1150 4693 ornent.
1170 4638 1196 4707 i,
1216 4636 1249 4691 14
1321 4636 1357 4692 20
1376 4635 1409 4692 oi.

266 4727 482 4793 nurnero

295 4830 575 4903 loetenloeuoll
635 4829 1239 4887 toton.11tuurnoooteetodd.CNX
1290 4829 1411 4884 imule-

267 4920 425 4979 iirouintC
495 4919 556 4991 out]
574 4919 620 4975 uel
636 4919 669 4973 X
737 4923 853 4974 mortem
871 4917 906 4973 Μ
965 4918 1191 4973 'lhouon'flcouit
1208 4917 1236 4972 P
1294 4917 1327 4971 12
1346 4915 1412 4971 offe·
1495 4913 1497 4918 ’

265 5014 322 5066 rent
339 5010 373 5066 X
389 5014 473 5078 (eurr.
491 5011 541 5064 a)
556 5008 623 5076 ΑΒ)
707 5008 741 5062 18
759 5007 843 5078 unde]
863 5024 900 5062 un
918 5010 948 5062 et
964 5007 1002 5061 Μ
1080 5008 1116 5062 14
1133 5005 1370 5077 condempnebunt
1390 5005 1414 5061 0

267 5100 314 5155 ubi
331 5097 436 5156 delerit
452 5096 493 5152 Μ
506 5095 613 5153 uideret
630 5096 683 5151 ribi
704 5095 757 5153 θΔ
828 5097 861 5151 19
880 5095 1041 5152 meledicto·
1062 5094 1087 5150 0
1155 5094 1190 5149 20
1208 5092 1413 5165 relinqueritG

266 5187 403 5258 reliquerit
419 5185 458 5254 F,
477 5190 561 5254 (corr.
578 5188 636 5251 nu)
655 5183 684 5239 B
772 5183 806 5239 87
826 5199 955 5239 nornen·-
973 5182 1010 5237 Μ
1100 5180 1267 5254 reliquerent
1287 5180 1410 5236 Oreliu·

268 5277 371 5346 querint
391 5275 419 5332 θ
