3275 6434
693 1381 769 1455 cap.
785 1383 889 1441 mn
907 1384 985 1443 1-4.
1364 1394 1408 1462 55

269 1570 461 1640 hebetudine
482 1573 611 1642 demens
632 1575 763 1644 effectus
786 1579 838 1644 eat
858 1576 948 1658 Saul,
971 1581 1010 1645 ut
1031 1579 1071 1645 ad
1098 1581 1306 1664 pithonissam
1335 1601 1408 1650 ccu-

268 1675 407 1760 iugeret
436 1678 628 1764 deprauatus
654 1681 737 1748 enim
766 1700 863 1751 caun
889 1683 1012 1767 peccati
1038 1685 1078 1750 ad
1105 1686 1183 1753 hacc
1211 1705 1246 1753 se
1273 1686 1410 1754 contulit

268 1799 350 1864 quae
373 1782 587 1856 damnauerat

311 1887 342 1952 S.
367 1886 433 1954 Sed
456 1891 484 1956 si
507 1892 578 1975 quis
602 1897 730 1977 prepter
746 1892 912 1959 historiam
930 1897 963 1960 et
981 1905 1019 1960 et
1036 1913 1116 1978 quae
1134 1896 1241 1962 uerbis
1261 1915 1408 1982 expressa

240 1996 345 2059 nsunt
366 2000 462 2077 putet
483 2017 544 2064 uon
570 1997 859 2084 praetermittenda,
886 2019 924 2066 ne
951 2001 1031 2066 ratic
1053 2001 1203 2068 historiae
1229 2002 1330 2069 inanis
1354 2002 1407 2083 sit,

267 2108 358 2170 recta
384 2103 483 2171 iaciat
512 2102 651 2188 quidem,
683 2103 712 2170 si
742 2106 849 2169 tamen
875 2103 1006 2172 minime
1027 2105 1115 2171 istud
1145 2106 1184 2172 ad
1212 2106 1281 2173 ueri
1307 2109 1410 2192 rapiat

268 2210 436 2290 nticuam,
468 2209 525 2277 sed
560 2210 601 2276 acl
630 2210 738 2277 uisum
775 2213 808 2275 et
841 2209 1038 2277 intellectum
1071 2211 1158 2280 Saul.
1191 2232 1292 2297 neque
1324 2212 1408 2280 enim

268 2314 423 2400 reprobus
445 2316 551 2381 renus
573 2318 698 2399 pcterat
722 2314 841 2379 honum
864 2313 1060 2381 intellectum
1083 2315 1209 2382 habere.
1237 2317 1409 2385 historicus

270 2421 352 2486 enim
379 2425 519 2487 mentem
542 2418 620 2486 Saul
641 2423 675 2486 ct
700 2419 845 2485 habitum
868 2417 1052 2486 Samuhelis
1080 2421 1249 2505 descripsit
1270 2442 1307 2489 ea
1329 2443 1409 2507 quae

231 2532 256 2576 ¹⁰
270 2524 355 2592 dicta
376 2530 410 2592 ct
431 2527 503 2592 uisa
529 2530 605 2592 sunt
630 2525 814 2608 exprimens,
842 2527 1096 2608 praetermittens
1119 2527 1147 2592 si
1169 2547 1245 2594 uera
1267 2549 1306 2595 au
1328 2530 1410 2596 falsa

270 2635 343 2697 sint
372 2630 451 2715 quid
478 2632 561 2697 enim
584 2631 652 2696 ait?
678 2630 811 2696 audiens
838 2630 871 2695 in
900 2649 962 2714 quc
989 2631 1099 2696 habitu
1122 2637 1208 2698 esset
1239 2634 1409 2700 excitatus:

271 2736 477 2816 intellexit
509 2737 622 2819 inquit,
654 2736 751 2801 huuc
783 2754 869 2801 csse
901 2733 1087 2802 Samuhel.
1116 2736 1191 2820 quid
1219 2739 1409 2806 intellexerit

269 2841 393 2907 rettulit
421 2844 464 2922 et,
492 2841 650 2925 quianon
672 2841 751 2907 hanc
778 2840 944 2921 intellexit,
968 2844 1076 2907 contra
1098 2843 1287 2928 scripturam
1310 2845 1408 2910 alium

270 2946 416 3012 euomuit
441 2964 536 3030 quam
558 2945 721 3012 (luminum
748 2950 781 3011 et
806 2949 921 3028 putans
945 2943 1146 3014 Samuhelem
1175 2947 1321 3014 adorauit
1342 2949 1410 3016 dia·

238 3051 391 3130 ¹⁵hclum,
413 3055 453 3117 ut
476 3051 615 3117 fructum
641 3051 785 3117 fallaciae
813 3068 889 3116 suae
916 3051 1047 3117 haberet
1068 3056 1205 3118 satanas.
1238 3053 1298 3119 hcc
1324 3056 1407 3119 enim

270 3156 391 3235 nititur,
419 3161 458 3222 ut
482 3157 631 3232 aduretur
661 3156 751 3238 quasi
783 3155 872 3222 daus.
903 3155 930 3221 si
962 3155 1045 3221 anim
1075 3175 1148 3222 uera
1183 3155 1334 3224 Samuhel
1360 3159 1409 3224 illi

269 3262 479 3347 apparuisset,
500 3280 561 3326 nou
584 3261 695 3345 utique
717 3261 767 3327 uir
789 3261 895 3327 iustus
918 3260 1115 3344 permisisset
1138 3281 1172 3327 se
1196 3261 1329 3343 adoran,
1353 3265 1408 3348 qui

269 3367 506 3449 praedicaucrat
527 3365 688 3432 domiuum
716 3365 821 3430 solum
848 3384 918 3430 esse
941 3364 1143 3432 adoraudum.
1173 3370 1290 3449 etque
1313 3369 1407 3434 modo

269 3471 363 3539 hcmc
392 3471 454 3551 dei,
482 3471 537 3555 qui
564 3489 636 3537 cum
664 3470 823 3536 Abraham
850 3470 881 3535 iu
909 3470 1071 3555 refrigerio
1104 3477 1180 3547 crat,
1213 3471 1341 3539 dicebat
1371 3474 1411 3539 ad

236 3578 373 3644 ¹⁰uirum
390 3575 591 3662 pestilentiae
608 3575 741 3662 lignum
759 3575 868 3641 ardore
887 3575 1062 3660 gehennae:
1084 3581 1162 3641 ‘cras
1176 3595 1301 3642 mecum
1316 3582 1410 3644 ens?

311 3685 344 3748 4.
379 3682 441 3747 ffrs
472 3681 596 3748 duabus
631 3681 737 3747 titulis
775 3680 987 3746 subtilitatem
1018 3680 1162 3747 fallaciae
1195 3699 1271 3746 suae
1306 3682 1411 3767 prodi·

271 3787 316 3854 lit
350 3787 540 3872 improuidus
576 3789 713 3865 sumas,
755 3787 829 3870 quia
866 3790 898 3851 at
934 3786 1055 3857 adoran
1096 3806 1130 3853 se
1166 3787 1311 3871 permisit
1349 3789 1410 3853 sub

269 3892 380 3959 habitu
413 3895 447 3957 st
476 3892 601 3959 numina
634 3890 814 3958 Samuhelis
851 3877 960 3958 contra
991 3891 1095 3975 legem
1131 3895 1164 3957 et
1197 3894 1303 3959 uirum
1338 3913 1410 3977 pec·

271 3998 350 4064 catis
373 4015 531 4082 pressum,
559 4014 632 4061 cum
658 4015 773 4082 magna
795 3996 946 4063 distantia
967 4000 1169 4081 peccaturum
1197 4002 1231 4064 et
1251 3999 1408 4066 iustorum

235 4103 320 4183 ²⁵sit,
348 4121 424 4169 cum
452 4101 622 4169 Samuhele
648 4101 826 4168 iustissimo
854 4102 997 4168 futurum
1023 4102 1176 4168 mentitus
1203 4107 1263 4170 est.
1294 4122 1406 4170 uerum

269 4211 376 4294 puteat
405 4205 508 4274 uideri
537 4209 564 4274 si
597 4207 636 4274 de
667 4205 847 4275 Samuhelis
878 4209 1003 4274 uomina
1034 4211 1185 4288 taceatur,
1218 4210 1293 4292 quia
1324 4210 1401 4277 Saul

271 4334 343 4380 cum
378 4312 506 4381 hebolo
539 4313 667 4380 tuturus
707 4317 784 4379 erat
835 4312 874 4378 ad
912 4333 985 4379 eum
1027 4314 1111 4378 euim
1150 4315 1399 4400 transmigrauit,

355 4501 544 4574 ictllieg.
561 4502 642 4580 2119
710 4502 860 4575 lhilteg,
879 4503 922 4568 28,
941 4503 976 4557 14
1044 4503 1078 4557 14
1096 4501 1197 4557 ctllx
1216 4503 1259 4569 20,
1277 4503 1403 4560 &Dent

270 4593 328 4651 ist
385 4588 667 4661 lici.Ilieff.'l,S
721 4592 755 4647 19
777 4590 811 4647 cf.
834 4590 899 4647 Luc.
923 4592 966 4660 le,
988 4591 1024 4645 22
1078 4590 1114 4644 20
1136 4589 1403 4662 cl.lltep.28,1a

307 4696 485 4756 lamcua0P
553 4695 696 4766 coningere
717 4695 910 4766 ceontnginec
926 4697 958 4751 X
975 4700 1054 4762 (corr.
1072 4696 1232 4767 Alcameni)
1297 4697 1403 4767 tiques

267 4787 321 4856 pc]
338 4785 406 4840 edd.
423 4786 483 4856 ipae
499 4784 528 4839 P
578 4784 644 4839 het
660 4784 721 4840 edri.
739 4788 772 4840 ut
788 4784 866 4841 codd.
919 4783 1110 4855 hqxidamt'
1178 4785 1407 4854 'lnequ01nam-

272 4888 322 4941 quc
338 4872 371 4927 X
421 4871 596 4942 Sdiacripsit
613 4873 644 4926 Χ
705 4872 739 4927 12
756 4873 857 4942 inquit]
877 4872 986 4943 quidem
1003 4872 1032 4927 P
1089 4872 1121 4927 18
1139 4871 1275 4927 intellexit
1291 4871 1360 4926 benc
1378 4872 1407 4926 P

274 4960 429 5030 scripturam
447 4957 543 5028 alium]
561 4959 695 5030 scriptura
711 4959 810 5013 mulum
828 4959 866 5014 Μ
948 4960 981 5015 14
999 4958 1077 5013 deum
1095 4958 1124 5013 P
1212 4959 1245 5012 15
1263 4961 1359 5012 satana
1377 4958 1409 5013 X

274 5047 519 5114 (commeamus)
555 5046 588 5100 1⁶
601 5044 802 5102 adorareturhl
849 5048 899 5101 uiri
913 5047 950 5101 hl
989 5047 1021 5101 17
1040 5062 1069 5100 se
1086 5062 1137 5104 cns.
1147 5045 1205 5101 ΡΝ
1240 5045 1274 5100 18
1287 5045 1367 5100 deum
1381 5045 1410 5101 P

276 5135 306 5188 21
322 5134 421 5190 niteo
471 5135 506 5189 24
525 5133 656 5208 distaufle
672 5134 710 5189 1
759 5136 794 5191 26
811 5135 946 5204 taceatur]
965 5132 1091 5190 credatur
1108 5132 1193 5189 Non
1211 5136 1318 5188 creatur
1333 5132 1408 5202 ΕΒ

278 5224 349 5289 (en.
366 5224 425 5292 ¹⁸2)
