<?xml version="1.0" encoding="UTF-8"?>
<!DOCTYPE html PUBLIC "-//W3C//DTD XHTML 1.0 Transitional//EN"
    "http://www.w3.org/TR/xhtml1/DTD/xhtml1-transitional.dtd">
<html xmlns="http://www.w3.org/1999/xhtml" xml:lang="en" lang="en">
 <head>
  <title>
</title>
<meta http-equiv="Content-Type" content="text/html;charset=utf-8" />
  <meta name='ocr-system' content='tesseract 3.04.00' />
  <meta name='ocr-capabilities' content='ocr_page ocr_carea ocr_par ocr_line ocrx_word'/>
</head>
<body>
  <div class='ocr_page' id='page_1' title='image "./pseudoaugustini00soutgoog/pseudoaugustini00soutgoog_0488.png"; bbox 0 0 3275 6434; ppageno 0'>
   <div class='ocr_carea' id='block_1_1' title="bbox 233 993 1112 1064">
    <p class='ocr_par' dir='ltr' id='par_1_1' title="bbox 233 993 1112 1064">
     <span class='ocr_line' id='line_1_1' title="bbox 233 993 1112 1064; baseline -0.006 -9"><span class='ocrx_word' id='word_1_1' title='bbox 233 1000 298 1064; x_wconf 77' lang='grc'><strong>446</strong></span> <span class='ocrx_word' id='word_1_2' title='bbox 499 993 668 1064; x_wconf 75' lang='lat' dir='ltr'><strong>Appendix</strong></span> <span class='ocrx_word' id='word_1_3' title='bbox 691 995 921 1064; x_wconf 83' lang='lat' dir='ltr'><strong>quaestionum</strong></span> <span class='ocrx_word' id='word_1_4' title='bbox 938 994 1016 1049; x_wconf 93' lang='lat' dir='ltr'><strong>noni</strong></span> <span class='ocrx_word' id='word_1_5' title='bbox 1035 999 1112 1050; x_wconf 82' lang='lat' dir='ltr'><strong>test.</strong></span> 
     </span>
    </p>
   </div>
   <div class='ocr_carea' id='block_1_2' title="bbox 233 1186 1378 1374">
    <p class='ocr_par' dir='ltr' id='par_1_2' title="bbox 233 1186 1378 1374">
     <span class='ocr_line' id='line_1_2' title="bbox 233 1186 1378 1269; baseline -0.003 -12"><span class='ocrx_word' id='word_1_6' title='bbox 233 1194 268 1258; x_wconf 85' lang='lat' dir='ltr'><strong>st</strong></span> <span class='ocrx_word' id='word_1_7' title='bbox 290 1189 349 1269; x_wconf 88' lang='lat' dir='ltr'><strong>illi,</strong></span> <span class='ocrx_word' id='word_1_8' title='bbox 372 1188 518 1255; x_wconf 86' lang='lat' dir='ltr'><strong>bortatur</strong></span> <span class='ocrx_word' id='word_1_9' title='bbox 538 1187 613 1254; x_wconf 87' lang='lat' dir='ltr'><strong>illos</strong></span> <span class='ocrx_word' id='word_1_10' title='bbox 635 1191 674 1254; x_wconf 92' lang='lat' dir='ltr'><strong>ut</strong></span> <span class='ocrx_word' id='word_1_11' title='bbox 694 1188 794 1254; x_wconf 89' lang='lat' dir='ltr'><strong>simili</strong></span> <span class='ocrx_word' id='word_1_12' title='bbox 816 1188 911 1254; x_wconf 89' lang='lat' dir='ltr'><strong>modo</strong></span> <span class='ocrx_word' id='word_1_13' title='bbox 934 1192 967 1255; x_wconf 88' lang='lat' dir='ltr'><strong>et</strong></span> <span class='ocrx_word' id='word_1_14' title='bbox 984 1187 1017 1253; x_wconf 88' lang='lat' dir='ltr'><strong>hi</strong></span> <span class='ocrx_word' id='word_1_15' title='bbox 1036 1187 1123 1258; x_wconf 82' lang='lat' dir='ltr'><strong>hant.</strong></span> <span class='ocrx_word' id='word_1_16' title='bbox 1145 1188 1237 1254; x_wconf 85' lang='lat' dir='ltr'><strong>sicut</strong></span> <span class='ocrx_word' id='word_1_17' title='bbox 1264 1190 1301 1253; x_wconf 87' lang='lat' dir='ltr'><strong>ct</strong></span> <span class='ocrx_word' id='word_1_18' title='bbox 1326 1186 1378 1254; x_wconf 89' lang='lat' dir='ltr'><strong>ille</strong></span> 
     </span>
     <span class='ocr_line' id='line_1_3' title="bbox 234 1292 834 1374; baseline -0.007 -12"><span class='ocrx_word' id='word_1_19' title='bbox 234 1300 295 1374; x_wconf 78' lang='lat' dir='ltr'><strong>est,</strong></span> <span class='ocrx_word' id='word_1_20' title='bbox 318 1293 548 1361; x_wconf 85' lang='lat' dir='ltr'><strong>consentientes</strong></span> <span class='ocrx_word' id='word_1_21' title='bbox 571 1292 731 1360; x_wconf 88' lang='lat' dir='ltr'><strong>doctrinae</strong></span> <span class='ocrx_word' id='word_1_22' title='bbox 754 1293 834 1359; x_wconf 88' lang='lat' dir='ltr'><strong>eins.</strong></span> 
     </span>
    </p>
   </div>
   <div class='ocr_carea' id='block_1_3' title="bbox 107 1481 1418 2079">
    <p class='ocr_par' dir='ltr' id='par_1_3' title="bbox 107 1481 1418 2079">
     <span class='ocr_line' id='line_1_4' title="bbox 107 1481 1379 1566; baseline 0.002 -16"><span class='ocrx_word' id='word_1_23' title='bbox 107 1481 557 1566; x_wconf 71' lang='lat' dir='ltr'><strong>noso1)u11.Quonlobo</strong></span> <span class='ocrx_word' id='word_1_24' title='bbox 585 1484 726 1551; x_wconf 76' lang='lat' dir='ltr'><strong>unum</strong></span> <span class='ocrx_word' id='word_1_25' title='bbox 753 1484 894 1552; x_wconf 79' lang='lat' dir='ltr'>SUMUS</span> <span class='ocrx_word' id='word_1_26' title='bbox 922 1484 1108 1552; x_wconf 75' lang='lat' dir='ltr'><strong>ABBll&#39;BII</strong></span> <span class='ocrx_word' id='word_1_27' title='bbox 1132 1485 1191 1552; x_wconf 79' lang='lat' dir='ltr'><strong>hc</strong></span> <span class='ocrx_word' id='word_1_28' title='bbox 1221 1484 1379 1552; x_wconf 73' lang='lat' dir='ltr'><strong>nonull-</strong></span> 
     </span>
     <span class='ocr_line' id='line_1_5' title="bbox 237 1588 1379 1659; baseline -0.002 0"><span class='ocrx_word' id='word_1_29' title='bbox 237 1590 369 1659; x_wconf 80' lang='lat' dir='ltr'><strong>TA&#39;llS.</strong></span> <span class='ocrx_word' id='word_1_30' title='bbox 397 1589 488 1659; x_wconf 76' lang='lat' dir='ltr'><strong>clm</strong></span> <span class='ocrx_word' id='word_1_31' title='bbox 514 1589 641 1658; x_wconf 79' lang='lat' dir='ltr'><strong>chlll&#39;</strong></span> <span class='ocrx_word' id='word_1_32' title='bbox 668 1588 926 1657; x_wconf 61' lang='lat' dir='ltr'><strong>Apostolum</strong></span> <span class='ocrx_word' id='word_1_33' title='bbox 948 1589 1068 1659; x_wconf 75' lang='lat' dir='ltr'><strong>‘coho</strong></span> <span class='ocrx_word' id='word_1_34' title='bbox 1096 1588 1379 1659; x_wconf 69' lang='lat' dir='ltr'><strong>concupiscio</strong></span> 
     </span>
     <span class='ocr_line' id='line_1_6' title="bbox 237 1692 1418 1771; baseline -0.005 -7"><span class='ocrx_word' id='word_1_35' title='bbox 237 1695 459 1765; x_wconf 74' lang='lat' dir='ltr'><strong>ADUERSUS</strong></span> <span class='ocrx_word' id='word_1_36' title='bbox 479 1694 690 1771; x_wconf 76' lang='lat' dir='ltr'>SPIRITUM,</span> <span class='ocrx_word' id='word_1_37' title='bbox 710 1694 899 1762; x_wconf 73' lang='lat' dir='ltr'><strong>summus</strong></span> <span class='ocrx_word' id='word_1_38' title='bbox 918 1692 1030 1762; x_wconf 73' lang='lat' dir='ltr'><strong>ucho</strong></span> <span class='ocrx_word' id='word_1_39' title='bbox 1045 1694 1271 1764; x_wconf 68' lang='lat' dir='ltr'><strong>contusus</strong></span> <span class='ocrx_word' id='word_1_40' title='bbox 1286 1694 1379 1763; x_wconf 67' lang='lat' dir='ltr'><strong>CAR</strong></span> <span class='ocrx_word' id='word_1_41' title='bbox 1405 1713 1418 1757; x_wconf 81' lang='lat' dir='ltr'><strong>o</strong></span> 
     </span>
     <span class='ocr_line' id='line_1_7' title="bbox 238 1799 1380 1889; baseline -0.003 -20"><span class='ocrx_word' id='word_1_42' title='bbox 238 1802 341 1889; x_wconf 70' lang='lat' dir='ltr'><strong>null.</strong></span> <span class='ocrx_word' id='word_1_43' title='bbox 355 1801 411 1868; x_wconf 82' lang='lat' dir='ltr'><strong>U&#39;l&#39;</strong></span> <span class='ocrx_word' id='word_1_44' title='bbox 423 1799 524 1877; x_wconf 86' lang='lat' dir='ltr'><strong>NON,</strong></span> <span class='ocrx_word' id='word_1_45' title='bbox 539 1799 652 1881; x_wconf 79' lang='lat' dir='ltr'><strong>Qulu</strong></span> <span class='ocrx_word' id='word_1_46' title='bbox 666 1799 827 1878; x_wconf 71' lang='lat' dir='ltr'><strong>dutum,</strong></span> <span class='ocrx_word' id='word_1_47' title='bbox 841 1800 896 1866; x_wconf 78' lang='lat' dir='ltr'><strong>ul</strong></span> <span class='ocrx_word' id='word_1_48' title='bbox 910 1800 1132 1868; x_wconf 72' lang='lat' dir='ltr'><strong>uacunls‘e</strong></span> <span class='ocrx_word' id='word_1_49' title='bbox 1145 1801 1201 1866; x_wconf 78' lang='grc' dir='ltr'><strong>ΕΤ</strong></span> <span class='ocrx_word' id='word_1_50' title='bbox 1215 1799 1256 1868; x_wconf 79' lang='lat' dir='ltr'><strong>sl</strong></span> <span class='ocrx_word' id='word_1_51' title='bbox 1271 1799 1380 1868; x_wconf 77' lang='lat' dir='ltr'><strong>celto</strong></span> 
     </span>
     <span class='ocr_line' id='line_1_8' title="bbox 240 1903 1380 1984; baseline -0.001 -10"><span class='ocrx_word' id='word_1_52' title='bbox 240 1905 460 1974; x_wconf 70' lang='lat' dir='ltr'><strong>rebursos</strong></span> <span class='ocrx_word' id='word_1_53' title='bbox 480 1904 681 1972; x_wconf 74' lang='lat' dir='ltr'><strong>SPIRITUM</strong></span> <span class='ocrx_word' id='word_1_54' title='bbox 699 1903 986 1984; x_wconf 68' lang='lat' dir='ltr'><strong>GONCUHSDI&#39;I&#39;,</strong></span> <span class='ocrx_word' id='word_1_55' title='bbox 1005 1906 1121 1973; x_wconf 69' lang='lat' dir='ltr'><strong>bleba</strong></span> <span class='ocrx_word' id='word_1_56' title='bbox 1139 1904 1232 1983; x_wconf 65' lang='lat' dir='ltr'><strong>hsm</strong></span> <span class='ocrx_word' id='word_1_57' title='bbox 1258 1906 1380 1973; x_wconf 83' lang='lat' dir='ltr'>SPIRI-</span> 
     </span>
     <span class='ocr_line' id='line_1_9' title="bbox 515 2008 1106 2079; baseline 0.005 -4"><span class='ocrx_word' id='word_1_58' title='bbox 515 2009 594 2078; x_wconf 82' lang='lat' dir='ltr'><strong>TUS</strong></span> <span class='ocrx_word' id='word_1_59' title='bbox 616 2009 725 2076; x_wconf 69' lang='lat' dir='ltr'><strong>lilim</strong></span> <span class='ocrx_word' id='word_1_60' title='bbox 747 2008 863 2077; x_wconf 83' lang='lat' dir='ltr'>BONA</span> <span class='ocrx_word' id='word_1_61' title='bbox 887 2010 1106 2079; x_wconf 74' lang='lat' dir='ltr'><strong>succum</strong></span> 
     </span>
    </p>
   </div>
   <div class='ocr_carea' id='block_1_4' title="bbox 289 2151 1383 2238">
    <p class='ocr_par' dir='ltr' id='par_1_4' title="bbox 289 2151 1383 2238">
     <span class='ocr_line' id='line_1_10' title="bbox 289 2151 1383 2238; baseline -0.001 -19"><span class='ocrx_word' id='word_1_62' title='bbox 289 2156 316 2219; x_wconf 94' lang='lat'><strong>1.</strong></span> <span class='ocrx_word' id='word_1_63' title='bbox 334 2152 488 2221; x_wconf 79' lang='lat' dir='ltr'><strong>‘Carnem&#39;</strong></span> <span class='ocrx_word' id='word_1_64' title='bbox 510 2169 571 2217; x_wconf 93' lang='lat' dir='ltr'><strong>non</strong></span> <span class='ocrx_word' id='word_1_65' title='bbox 594 2151 805 2219; x_wconf 85' lang='lat' dir='ltr'><strong>substantiam</strong></span> <span class='ocrx_word' id='word_1_66' title='bbox 830 2151 931 2218; x_wconf 89' lang='lat' dir='ltr'><strong>carnis</strong></span> <span class='ocrx_word' id='word_1_67' title='bbox 950 2152 1098 2218; x_wconf 88' lang='lat' dir='ltr'><strong>hocloco</strong></span> <span class='ocrx_word' id='word_1_68' title='bbox 1120 2152 1306 2238; x_wconf 68' lang='lat' dir='ltr'><strong>intellegas,</strong></span> <span class='ocrx_word' id='word_1_69' title='bbox 1329 2152 1383 2218; x_wconf 84' lang='lat' dir='ltr'><strong>sed</strong></span> 
     </span>
    </p>
   </div>
   <div class='ocr_carea' id='block_1_5' title="bbox 244 2255 1429 3924">
    <p class='ocr_par' dir='ltr' id='par_1_5' title="bbox 244 2255 1422 3711">
     <span class='ocr_line' id='line_1_11' title="bbox 244 2255 1419 2343; baseline -0.003 -17"><span class='ocrx_word' id='word_1_70' title='bbox 244 2262 335 2328; x_wconf 89' lang='lat' dir='ltr'><strong>actus</strong></span> <span class='ocrx_word' id='word_1_71' title='bbox 358 2259 459 2324; x_wconf 89' lang='lat' dir='ltr'><strong>malos</strong></span> <span class='ocrx_word' id='word_1_72' title='bbox 483 2261 517 2322; x_wconf 87' lang='lat' dir='ltr'><strong>ct</strong></span> <span class='ocrx_word' id='word_1_73' title='bbox 537 2255 700 2340; x_wconf 80' lang='lat' dir='ltr'><strong>perfidiam</strong></span> <span class='ocrx_word' id='word_1_74' title='bbox 727 2257 939 2343; x_wconf 84' lang='lat' dir='ltr'><strong>significatam</strong></span> <span class='ocrx_word' id='word_1_75' title='bbox 965 2257 998 2323; x_wconf 91' lang='lat' dir='ltr'><strong>in</strong></span> <span class='ocrx_word' id='word_1_76' title='bbox 1026 2276 1125 2324; x_wconf 82' lang='lat' dir='ltr'><strong>carun</strong></span> <span class='ocrx_word' id='word_1_77' title='bbox 1151 2277 1210 2342; x_wconf 91' lang='lat' dir='ltr'><strong>per</strong></span> <span class='ocrx_word' id='word_1_78' title='bbox 1236 2258 1272 2323; x_wconf 94' lang='lat' dir='ltr'><strong>id</strong></span> <span class='ocrx_word' id='word_1_79' title='bbox 1300 2258 1419 2343; x_wconf 80' lang='lat' dir='ltr'><strong>quodn</strong></span> 
     </span>
     <span class='ocr_line' id='line_1_12' title="bbox 245 2362 1382 2443; baseline -0.001 -11"><span class='ocrx_word' id='word_1_80' title='bbox 245 2365 329 2433; x_wconf 91' lang='lat' dir='ltr'><strong>enim</strong></span> <span class='ocrx_word' id='word_1_81' title='bbox 362 2363 464 2429; x_wconf 89' lang='lat' dir='ltr'><strong>omnis</strong></span> <span class='ocrx_word' id='word_1_82' title='bbox 496 2381 581 2429; x_wconf 90' lang='lat' dir='ltr'><strong>error</strong></span> <span class='ocrx_word' id='word_1_83' title='bbox 612 2381 648 2428; x_wconf 81' lang='lat' dir='ltr'><strong>ox</strong></span> <span class='ocrx_word' id='word_1_84' title='bbox 680 2362 864 2429; x_wconf 89' lang='lat' dir='ltr'><strong>uisihilihus</strong></span> <span class='ocrx_word' id='word_1_85' title='bbox 884 2366 929 2428; x_wconf 85' lang='lat' dir='ltr'><strong>¹et</strong></span> <span class='ocrx_word' id='word_1_86' title='bbox 959 2362 1138 2443; x_wconf 87' lang='lat' dir='ltr'><strong>mundanis,</strong></span> <span class='ocrx_word' id='word_1_87' title='bbox 1170 2383 1245 2431; x_wconf 88' lang='lat' dir='ltr'><strong>caro</strong></span> <span class='ocrx_word' id='word_1_88' title='bbox 1278 2369 1382 2431; x_wconf 86' lang='lat' dir='ltr'><strong>autem</strong></span> 
     </span>
     <span class='ocr_line' id='line_1_13' title="bbox 246 2467 1383 2557; baseline -0.002 -21"><span class='ocrx_word' id='word_1_89' title='bbox 246 2472 380 2557; x_wconf 88' lang='lat' dir='ltr'><strong>cognata</strong></span> <span class='ocrx_word' id='word_1_90' title='bbox 402 2486 511 2533; x_wconf 92' lang='lat' dir='ltr'><strong>eornm</strong></span> <span class='ocrx_word' id='word_1_91' title='bbox 534 2470 584 2532; x_wconf 89' lang='lat' dir='ltr'><strong>est</strong></span> <span class='ocrx_word' id='word_1_92' title='bbox 611 2504 654 2514; x_wconf 98' lang='lat'>—</span> <span class='ocrx_word' id='word_1_93' title='bbox 679 2485 715 2532; x_wconf 87' lang='lat' dir='ltr'><strong>er</strong></span> <span class='ocrx_word' id='word_1_94' title='bbox 738 2467 902 2533; x_wconf 87' lang='lat' dir='ltr'><strong>elementis</strong></span> <span class='ocrx_word' id='word_1_95' title='bbox 925 2469 1009 2534; x_wconf 82' lang='lat' dir='ltr'><strong>onim</strong></span> <span class='ocrx_word' id='word_1_96' title='bbox 1032 2472 1158 2535; x_wconf 88' lang='lat' dir='ltr'><strong>constat</strong></span> <span class='ocrx_word' id='word_1_97' title='bbox 1180 2506 1237 2538; x_wconf 93' lang='lat'><strong>-.</strong></span> <span class='ocrx_word' id='word_1_98' title='bbox 1260 2488 1383 2537; x_wconf 91' lang='lat' dir='ltr'><strong>omnem</strong></span> 
     </span>
     <span class='ocr_line' id='line_1_14' title="bbox 246 2572 1383 2658; baseline -0.004 -16"><span class='ocrx_word' id='word_1_99' title='bbox 246 2593 381 2642; x_wconf 88' lang='lat' dir='ltr'><strong>errorem</strong></span> <span class='ocrx_word' id='word_1_100' title='bbox 405 2591 528 2641; x_wconf 87' lang='lat' dir='ltr'><strong>carnem</strong></span> <span class='ocrx_word' id='word_1_101' title='bbox 553 2572 699 2658; x_wconf 85' lang='lat' dir='ltr'><strong>appellat</strong></span> <span class='ocrx_word' id='word_1_102' title='bbox 721 2590 783 2638; x_wconf 93' lang='lat' dir='ltr'><strong>non</strong></span> <span class='ocrx_word' id='word_1_103' title='bbox 807 2572 910 2638; x_wconf 86' lang='lat' dir='ltr'><strong>solum</strong></span> <span class='ocrx_word' id='word_1_104' title='bbox 935 2573 1090 2639; x_wconf 84' lang='lat' dir='ltr'><strong>adulteria</strong></span> <span class='ocrx_word' id='word_1_105' title='bbox 1108 2578 1141 2640; x_wconf 91' lang='lat' dir='ltr'><strong>et</strong></span> <span class='ocrx_word' id='word_1_106' title='bbox 1158 2574 1383 2640; x_wconf 73' lang='lat' dir='ltr'><strong>fornicationes</strong></span> 
     </span>
     <span class='ocr_line' id='line_1_15' title="bbox 248 2677 1383 2763; baseline -0.004 -15"><span class='ocrx_word' id='word_1_107' title='bbox 248 2687 281 2748; x_wconf 91' lang='lat' dir='ltr'><strong>et</strong></span> <span class='ocrx_word' id='word_1_108' title='bbox 302 2680 442 2746; x_wconf 83' lang='lat' dir='ltr'><strong>luxurias</strong></span> <span class='ocrx_word' id='word_1_109' title='bbox 466 2697 560 2763; x_wconf 87' lang='lat' dir='ltr'><strong>opera</strong></span> <span class='ocrx_word' id='word_1_110' title='bbox 582 2678 661 2743; x_wconf 91' lang='lat' dir='ltr'><strong>dicit</strong></span> <span class='ocrx_word' id='word_1_111' title='bbox 684 2678 796 2754; x_wconf 89' lang='lat' dir='ltr'><strong>camis,</strong></span> <span class='ocrx_word' id='word_1_112' title='bbox 820 2677 877 2743; x_wconf 86' lang='lat' dir='ltr'><strong>scd</strong></span> <span class='ocrx_word' id='word_1_113' title='bbox 904 2684 937 2743; x_wconf 87' lang='lat' dir='ltr'><strong>ot</strong></span> <span class='ocrx_word' id='word_1_114' title='bbox 963 2678 1140 2745; x_wconf 81' lang='lat' dir='ltr'><strong>idolatriam</strong></span> <span class='ocrx_word' id='word_1_115' title='bbox 1167 2682 1201 2744; x_wconf 87' lang='lat' dir='ltr'><strong>et</strong></span> <span class='ocrx_word' id='word_1_116' title='bbox 1229 2678 1383 2746; x_wconf 82' lang='lat' dir='ltr'><strong>maleficis</strong></span> 
     </span>
     <span class='ocr_line' id='line_1_16' title="bbox 248 2783 1418 2870; baseline -0.004 -17"><span class='ocrx_word' id='word_1_117' title='bbox 248 2790 282 2853; x_wconf 85' lang='lat' dir='ltr'><strong>et</strong></span> <span class='ocrx_word' id='word_1_118' title='bbox 301 2786 514 2870; x_wconf 87' lang='lat' dir='ltr'><strong>blasphemias</strong></span> <span class='ocrx_word' id='word_1_119' title='bbox 537 2788 571 2851; x_wconf 89' lang='lat' dir='ltr'><strong>et</strong></span> <span class='ocrx_word' id='word_1_120' title='bbox 591 2784 678 2850; x_wconf 89' lang='lat' dir='ltr'><strong>talia.</strong></span> <span class='ocrx_word' id='word_1_121' title='bbox 701 2783 856 2866; x_wconf 87' lang='lat' dir='ltr'><strong>numquid</strong></span> <span class='ocrx_word' id='word_1_122' title='bbox 878 2802 949 2849; x_wconf 90' lang='lat' dir='ltr'><strong>caro</strong></span> <span class='ocrx_word' id='word_1_123' title='bbox 973 2783 1202 2868; x_wconf 74' lang='lat' dir='ltr'><strong>blasphemiam</strong></span> <span class='ocrx_word' id='word_1_124' title='bbox 1227 2784 1319 2869; x_wconf 90' lang='lat' dir='ltr'><strong>cogit</strong></span> <span class='ocrx_word' id='word_1_125' title='bbox 1334 2787 1418 2849; x_wconf 81' lang='lat' dir='ltr'><strong>antu</strong></span> 
     </span>
     <span class='ocr_line' id='line_1_17' title="bbox 250 2888 1384 2963; baseline -0.004 -6"><span class='ocrx_word' id='word_1_126' title='bbox 250 2891 448 2957; x_wconf 76' lang='lat' dir='ltr'><strong>idolatriam?</strong></span> <span class='ocrx_word' id='word_1_127' title='bbox 463 2908 565 2955; x_wconf 89' lang='lat' dir='ltr'><strong>nonne</strong></span> <span class='ocrx_word' id='word_1_128' title='bbox 579 2889 657 2955; x_wconf 87' lang='lat' dir='ltr'><strong>hacc</strong></span> <span class='ocrx_word' id='word_1_129' title='bbox 671 2890 794 2954; x_wconf 88' lang='lat' dir='ltr'><strong>animae</strong></span> <span class='ocrx_word' id='word_1_130' title='bbox 808 2888 890 2953; x_wconf 89' lang='lat' dir='ltr'><strong>uitia</strong></span> <span class='ocrx_word' id='word_1_131' title='bbox 902 2891 986 2963; x_wconf 80' lang='lat' dir='ltr'><strong>sunt,</strong></span> <span class='ocrx_word' id='word_1_132' title='bbox 1000 2889 1076 2954; x_wconf 89' lang='lat' dir='ltr'><strong>dnm</strong></span> <span class='ocrx_word' id='word_1_133' title='bbox 1094 2890 1255 2954; x_wconf 89' lang='lat' dir='ltr'><strong>consentit</strong></span> <span class='ocrx_word' id='word_1_134' title='bbox 1272 2889 1384 2954; x_wconf 76' lang='lat' dir='ltr'><strong>onorii</strong></span> 
     </span>
     <span class='ocr_line' id='line_1_18' title="bbox 250 2993 1385 3080; baseline -0.004 -16"><span class='ocrx_word' id='word_1_135' title='bbox 250 2999 336 3064; x_wconf 87' lang='lat' dir='ltr'><strong>recte</strong></span> <span class='ocrx_word' id='word_1_136' title='bbox 359 2999 466 3061; x_wconf 70' lang='lat' dir='ltr'><strong>numm</strong></span> <span class='ocrx_word' id='word_1_137' title='bbox 489 2996 656 3080; x_wconf 85' lang='lat' dir='ltr'><strong>agentibus</strong></span> <span class='ocrx_word' id='word_1_138' title='bbox 683 2994 763 3060; x_wconf 91' lang='lat' dir='ltr'><strong>dicit</strong></span> <span class='ocrx_word' id='word_1_139' title='bbox 790 2993 875 3078; x_wconf 83' lang='lat' dir='ltr'><strong>qnod</strong></span> <span class='ocrx_word' id='word_1_140' title='bbox 902 3013 963 3060; x_wconf 90' lang='lat' dir='ltr'><strong>non</strong></span> <span class='ocrx_word' id='word_1_141' title='bbox 991 2995 1113 3060; x_wconf 90' lang='lat' dir='ltr'><strong>sintin</strong></span> <span class='ocrx_word' id='word_1_142' title='bbox 1141 3013 1244 3072; x_wconf 80' lang='lat' dir='ltr'><strong>carno,</strong></span> <span class='ocrx_word' id='word_1_143' title='bbox 1274 2996 1332 3060; x_wconf 89' lang='lat' dir='ltr'><strong>sed</strong></span> <span class='ocrx_word' id='word_1_144' title='bbox 1356 2994 1385 3060; x_wconf 93' lang='lat' dir='ltr'><strong>in</strong></span> 
     </span>
     <span class='ocr_line' id='line_1_19' title="bbox 251 3100 1388 3188; baseline -0.005 -20"><span class='ocrx_word' id='word_1_145' title='bbox 251 3103 377 3188; x_wconf 81' lang='lat' dir='ltr'><strong>spiritu,</strong></span> <span class='ocrx_word' id='word_1_146' title='bbox 397 3104 428 3166; x_wconf 83' lang='lat' dir='ltr'><strong>ci</strong></span> <span class='ocrx_word' id='word_1_147' title='bbox 442 3101 553 3183; x_wconf 87' lang='lat' dir='ltr'><strong>utique</strong></span> <span class='ocrx_word' id='word_1_148' title='bbox 572 3101 675 3166; x_wconf 91' lang='lat' dir='ltr'><strong>adhuc</strong></span> <span class='ocrx_word' id='word_1_149' title='bbox 693 3101 724 3165; x_wconf 94' lang='lat' dir='ltr'><strong>in</strong></span> <span class='ocrx_word' id='word_1_150' title='bbox 739 3118 870 3182; x_wconf 86' lang='lat' dir='ltr'><strong>corporo</strong></span> <span class='ocrx_word' id='word_1_151' title='bbox 884 3104 968 3165; x_wconf 83' lang='lat' dir='ltr'><strong>snut</strong></span> <span class='ocrx_word' id='word_1_152' title='bbox 984 3100 1037 3184; x_wconf 90' lang='lat' dir='ltr'><strong>qui</strong></span> <span class='ocrx_word' id='word_1_153' title='bbox 1057 3119 1130 3184; x_wconf 86' lang='lat' dir='ltr'><strong>crgo</strong></span> <span class='ocrx_word' id='word_1_154' title='bbox 1149 3101 1231 3166; x_wconf 88' lang='lat' dir='ltr'><strong>bene</strong></span> <span class='ocrx_word' id='word_1_155' title='bbox 1248 3100 1388 3166; x_wconf 86' lang='lat' dir='ltr'><strong>ambulat</strong></span> 
     </span>
     <span class='ocr_line' id='line_1_20' title="bbox 252 3204 1388 3290; baseline -0.004 -15"><span class='ocrx_word' id='word_1_156' title='bbox 252 3227 310 3275; x_wconf 86' lang='lat' dir='ltr'><strong>noc</strong></span> <span class='ocrx_word' id='word_1_157' title='bbox 333 3206 451 3273; x_wconf 83' lang='lat' dir='ltr'><strong>diffidit</strong></span> <span class='ocrx_word' id='word_1_158' title='bbox 472 3206 510 3272; x_wconf 90' lang='lat' dir='ltr'><strong>de</strong></span> <span class='ocrx_word' id='word_1_159' title='bbox 533 3225 588 3290; x_wconf 87' lang='lat' dir='ltr'><strong>spe</strong></span> <span class='ocrx_word' id='word_1_160' title='bbox 611 3204 763 3283; x_wconf 82' lang='lat' dir='ltr'><strong>fidelium,</strong></span> <span class='ocrx_word' id='word_1_161' title='bbox 786 3205 818 3270; x_wconf 94' lang='lat' dir='ltr'><strong>in</strong></span> <span class='ocrx_word' id='word_1_162' title='bbox 842 3224 933 3271; x_wconf 86' lang='lat' dir='ltr'><strong>carno</strong></span> <span class='ocrx_word' id='word_1_163' title='bbox 950 3206 1077 3288; x_wconf 90' lang='lat' dir='ltr'><strong>positus</strong></span> <span class='ocrx_word' id='word_1_164' title='bbox 1098 3224 1160 3272; x_wconf 93' lang='lat' dir='ltr'><strong>non</strong></span> <span class='ocrx_word' id='word_1_165' title='bbox 1184 3224 1256 3272; x_wconf 88' lang='lat' dir='ltr'><strong>esse</strong></span> <span class='ocrx_word' id='word_1_166' title='bbox 1277 3205 1388 3271; x_wconf 90' lang='lat' dir='ltr'><strong>dicitur</strong></span> 
     </span>
     <span class='ocr_line' id='line_1_21' title="bbox 252 3311 1422 3396; baseline -0.006 -17"><span class='ocrx_word' id='word_1_167' title='bbox 252 3315 285 3379; x_wconf 92' lang='lat' dir='ltr'><strong>in</strong></span> <span class='ocrx_word' id='word_1_168' title='bbox 308 3330 414 3393; x_wconf 67' lang='lat' dir='ltr'><strong>carum</strong></span> <span class='ocrx_word' id='word_1_169' title='bbox 439 3313 520 3378; x_wconf 85' lang='lat' dir='ltr'><strong>mala</strong></span> <span class='ocrx_word' id='word_1_170' title='bbox 543 3314 650 3377; x_wconf 68' lang='lat' dir='ltr'><strong>numm</strong></span> <span class='ocrx_word' id='word_1_171' title='bbox 678 3329 774 3396; x_wconf 91' lang='lat' dir='ltr'><strong>agens</strong></span> <span class='ocrx_word' id='word_1_172' title='bbox 803 3315 835 3375; x_wconf 90' lang='lat' dir='ltr'><strong>ct</strong></span> <span class='ocrx_word' id='word_1_173' title='bbox 862 3311 1067 3395; x_wconf 88' lang='lat' dir='ltr'><strong>blasphemus</strong></span> <span class='ocrx_word' id='word_1_174' title='bbox 1093 3312 1125 3376; x_wconf 92' lang='lat' dir='ltr'><strong>in</strong></span> <span class='ocrx_word' id='word_1_175' title='bbox 1153 3330 1247 3378; x_wconf 90' lang='lat' dir='ltr'><strong>carne</strong></span> <span class='ocrx_word' id='word_1_176' title='bbox 1276 3312 1422 3379; x_wconf 81' lang='lat' dir='ltr'><strong>dicituro</strong></span> 
     </span>
     <span class='ocr_line' id='line_1_22' title="bbox 254 3417 1388 3503; baseline -0.004 -17"><span class='ocrx_word' id='word_1_177' title='bbox 254 3438 336 3498; x_wconf 85' lang='lat' dir='ltr'><strong>csse,</strong></span> <span class='ocrx_word' id='word_1_178' title='bbox 359 3419 443 3502; x_wconf 86' lang='lat' dir='ltr'><strong>quia,</strong></span> <span class='ocrx_word' id='word_1_179' title='bbox 466 3436 528 3501; x_wconf 88' lang='lat' dir='ltr'><strong>quo</strong></span> <span class='ocrx_word' id='word_1_180' title='bbox 551 3417 644 3483; x_wconf 92' lang='lat' dir='ltr'><strong>modo</strong></span> <span class='ocrx_word' id='word_1_181' title='bbox 673 3418 752 3482; x_wconf 88' lang='lat' dir='ltr'><strong>bene</strong></span> <span class='ocrx_word' id='word_1_182' title='bbox 779 3420 908 3503; x_wconf 88' lang='lat' dir='ltr'><strong>agentes</strong></span> <span class='ocrx_word' id='word_1_183' title='bbox 937 3418 1097 3502; x_wconf 87' lang='lat' dir='ltr'><strong>spiritales</strong></span> <span class='ocrx_word' id='word_1_184' title='bbox 1125 3421 1201 3483; x_wconf 89' lang='lat' dir='ltr'><strong>snut</strong></span> <span class='ocrx_word' id='word_1_185' title='bbox 1227 3419 1388 3502; x_wconf 79' lang='lat' dir='ltr'><strong>cumipse</strong></span> 
     </span>
     <span class='ocr_line' id='line_1_23' title="bbox 255 3522 1389 3606; baseline -0.003 -16"><span class='ocrx_word' id='word_1_186' title='bbox 255 3542 357 3600; x_wconf 82' lang='lat' dir='ltr'><strong>carne,</strong></span> <span class='ocrx_word' id='word_1_187' title='bbox 381 3524 428 3589; x_wconf 88' lang='lat' dir='ltr'><strong>sic</strong></span> <span class='ocrx_word' id='word_1_188' title='bbox 449 3523 532 3588; x_wconf 87' lang='lat' dir='ltr'><strong>male</strong></span> <span class='ocrx_word' id='word_1_189' title='bbox 556 3523 701 3588; x_wconf 86' lang='lat' dir='ltr'><strong>niucntos</strong></span> <span class='ocrx_word' id='word_1_190' title='bbox 726 3522 867 3587; x_wconf 83' lang='lat' dir='ltr'><strong>camelos</strong></span> <span class='ocrx_word' id='word_1_191' title='bbox 895 3526 970 3588; x_wconf 90' lang='lat' dir='ltr'><strong>sunt</strong></span> <span class='ocrx_word' id='word_1_192' title='bbox 997 3541 1069 3588; x_wconf 91' lang='lat' dir='ltr'><strong>com</strong></span> <span class='ocrx_word' id='word_1_193' title='bbox 1097 3524 1166 3606; x_wconf 91' lang='lat' dir='ltr'><strong>ipsa</strong></span> <span class='ocrx_word' id='word_1_194' title='bbox 1193 3524 1308 3589; x_wconf 86' lang='lat' dir='ltr'><strong>anima</strong></span> <span class='ocrx_word' id='word_1_195' title='bbox 1334 3523 1389 3588; x_wconf 93' lang='lat' dir='ltr'><strong>boc</strong></span> 
     </span>
     <span class='ocr_line' id='line_1_24' title="bbox 256 3627 779 3711; baseline -0.006 -17"><span class='ocrx_word' id='word_1_196' title='bbox 256 3629 339 3695; x_wconf 88' lang='lat' dir='ltr'><strong>euim</strong></span> <span class='ocrx_word' id='word_1_197' title='bbox 363 3633 561 3711; x_wconf 89' lang='lat' dir='ltr'><strong>nuncupatur</strong></span> <span class='ocrx_word' id='word_1_198' title='bbox 583 3627 667 3710; x_wconf 87' lang='lat' dir='ltr'><strong>quod</strong></span> <span class='ocrx_word' id='word_1_199' title='bbox 691 3627 779 3693; x_wconf 90' lang='lat' dir='ltr'><strong>dicit.</strong></span> 
     </span>
    </p>

    <p class='ocr_par' dir='ltr' id='par_1_6' title="bbox 259 3733 1429 3924">
     <span class='ocr_line' id='line_1_25' title="bbox 302 3733 1392 3817; baseline -0.002 -18"><span class='ocrx_word' id='word_1_200' title='bbox 302 3737 332 3800; x_wconf 87' lang='lat'><strong>2.</strong></span> <span class='ocrx_word' id='word_1_201' title='bbox 355 3735 417 3800; x_wconf 92' lang='lat' dir='ltr'><strong>Hic</strong></span> <span class='ocrx_word' id='word_1_202' title='bbox 439 3735 547 3817; x_wconf 87' lang='lat' dir='ltr'><strong>itaque</strong></span> <span class='ocrx_word' id='word_1_203' title='bbox 569 3751 664 3809; x_wconf 83' lang='lat' dir='ltr'><strong>error,</strong></span> <span class='ocrx_word' id='word_1_204' title='bbox 685 3752 779 3816; x_wconf 84' lang='lat' dir='ltr'><strong>quern</strong></span> <span class='ocrx_word' id='word_1_205' title='bbox 803 3751 927 3797; x_wconf 80' lang='lat' dir='ltr'><strong>carnum</strong></span> <span class='ocrx_word' id='word_1_206' title='bbox 950 3733 1099 3815; x_wconf 86' lang='lat' dir='ltr'><strong>appellat,</strong></span> <span class='ocrx_word' id='word_1_207' title='bbox 1122 3733 1323 3817; x_wconf 80' lang='lat' dir='ltr'><strong>concupiscit</strong></span> <span class='ocrx_word' id='word_1_208' title='bbox 1344 3733 1392 3798; x_wconf 89' lang='lat' dir='ltr'><strong>ad·</strong></span> 
     </span>
     <span class='ocr_line' id='line_1_26' title="bbox 259 3836 1429 3924; baseline -0.004 -19"><span class='ocrx_word' id='word_1_209' title='bbox 259 3859 370 3906; x_wconf 85' lang='lat' dir='ltr'><strong>uorsus</strong></span> <span class='ocrx_word' id='word_1_210' title='bbox 389 3840 547 3924; x_wconf 81' lang='lat' dir='ltr'><strong>spiritum,</strong></span> <span class='ocrx_word' id='word_1_211' title='bbox 566 3839 597 3903; x_wconf 93' lang='lat' dir='ltr'><strong>id</strong></span> <span class='ocrx_word' id='word_1_212' title='bbox 617 3842 667 3902; x_wconf 87' lang='lat' dir='ltr'><strong>cst</strong></span> <span class='ocrx_word' id='word_1_213' title='bbox 685 3837 830 3922; x_wconf 78' lang='lat' dir='ltr'><strong>suggerit</strong></span> <span class='ocrx_word' id='word_1_214' title='bbox 847 3836 931 3901; x_wconf 91' lang='lat' dir='ltr'><strong>mala</strong></span> <span class='ocrx_word' id='word_1_215' title='bbox 948 3842 1056 3903; x_wconf 86' lang='lat' dir='ltr'><strong>contra</strong></span> <span class='ocrx_word' id='word_1_216' title='bbox 1079 3837 1211 3904; x_wconf 84' lang='lat' dir='ltr'><strong>cundem</strong></span> <span class='ocrx_word' id='word_1_217' title='bbox 1236 3840 1391 3923; x_wconf 83' lang='lat' dir='ltr'><strong>spiritum,</strong></span> <span class='ocrx_word' id='word_1_218' title='bbox 1406 3856 1429 3900; x_wconf 78' lang='lat' dir='ltr'><strong>a</strong></span> 
     </span>
    </p>
   </div>
   <div class='ocr_carea' id='block_1_6' title="bbox 260 4024 1391 4184">
    <p class='ocr_par' dir='ltr' id='par_1_7' title="bbox 260 4024 1391 4184">
     <span class='ocr_line' id='line_1_27' title="bbox 345 4024 1391 4093; baseline -0.003 -10"><span class='ocrx_word' id='word_1_219' title='bbox 345 4027 486 4092; x_wconf 67' lang='lat' dir='ltr'><strong>eumd.</strong></span> <span class='ocrx_word' id='word_1_220' title='bbox 507 4030 538 4083; x_wconf 85' lang='grc'><strong>17</strong></span> <span class='ocrx_word' id='word_1_221' title='bbox 595 4024 806 4093; x_wconf 69' lang='lat' dir='ltr'><strong>recidite,</strong></span> <span class='ocrx_word' id='word_1_222' title='bbox 826 4026 928 4082; x_wconf 82' lang='lat'>19-21</span> <span class='ocrx_word' id='word_1_223' title='bbox 992 4027 1024 4080; x_wconf 83' lang='grc'><strong>17</strong></span> <span class='ocrx_word' id='word_1_224' title='bbox 1044 4027 1078 4082; x_wconf 79' lang='lat' dir='ltr'><strong>ci.</strong></span> <span class='ocrx_word' id='word_1_225' title='bbox 1096 4028 1172 4083; x_wconf 86' lang='lat' dir='ltr'><strong>Rom.</strong></span> <span class='ocrx_word' id='word_1_226' title='bbox 1190 4029 1253 4090; x_wconf 83' lang='grc'><strong>8,9</strong></span> <span class='ocrx_word' id='word_1_227' title='bbox 1309 4028 1391 4084; x_wconf 73' lang='lat' dir='ltr'><strong>asel.</strong></span> 
     </span>
     <span class='ocr_line' id='line_1_28' title="bbox 260 4117 415 4184; baseline -0.032 -10"><span class='ocrx_word' id='word_1_228' title='bbox 260 4117 415 4184; x_wconf 59' lang='lat' dir='ltr'><strong>(taihun</strong></span> 
     </span>
    </p>
   </div>
   <div class='ocr_carea' id='block_1_7' title="bbox 264 4238 1396 4912">
    <p class='ocr_par' dir='ltr' id='par_1_8' title="bbox 264 4238 1396 4912">
     <span class='ocr_line' id='line_1_29' title="bbox 298 4238 1393 4309; baseline -0.002 -13"><span class='ocrx_word' id='word_1_229' title='bbox 298 4246 310 4297; x_wconf 95' lang='lat' dir='ltr'><strong>l</strong></span> <span class='ocrx_word' id='word_1_230' title='bbox 330 4243 371 4296; x_wconf 89' lang='lat' dir='ltr'><strong>hii</strong></span> <span class='ocrx_word' id='word_1_231' title='bbox 389 4241 419 4295; x_wconf 92' lang='lat' dir='ltr'><em>D</em></span> <span class='ocrx_word' id='word_1_232' title='bbox 497 4242 514 4294; x_wconf 84' lang='lat'>5</span> <span class='ocrx_word' id='word_1_233' title='bbox 533 4239 650 4309; x_wconf 84' lang='lat' dir='ltr'><strong>carnem]</strong></span> <span class='ocrx_word' id='word_1_234' title='bbox 669 4239 733 4293; x_wconf 83' lang='lat' dir='ltr'><strong>cdd.</strong></span> <span class='ocrx_word' id='word_1_235' title='bbox 754 4243 783 4293; x_wconf 85' lang='lat' dir='ltr'><strong>ct</strong></span> <span class='ocrx_word' id='word_1_236' title='bbox 801 4243 909 4293; x_wconf 83' lang='lat' dir='ltr'><strong>caetera</strong></span> <span class='ocrx_word' id='word_1_237' title='bbox 927 4256 946 4293; x_wconf 80' lang='lat' dir='ltr'><strong>a</strong></span> <span class='ocrx_word' id='word_1_238' title='bbox 1031 4238 1147 4308; x_wconf 85' lang='lat' dir='ltr'><strong>8.bona]</strong></span> <span class='ocrx_word' id='word_1_239' title='bbox 1166 4238 1269 4293; x_wconf 88' lang='lat' dir='ltr'><strong>domini</strong></span> <span class='ocrx_word' id='word_1_240' title='bbox 1290 4241 1393 4294; x_wconf 82' lang='lat' dir='ltr'><strong>malae</strong></span> 
     </span>
     <span class='ocr_line' id='line_1_30' title="bbox 264 4326 1393 4402; baseline -0.004 -17"><span class='ocrx_word' id='word_1_241' title='bbox 264 4332 296 4386; x_wconf 87' lang='lat'><strong>10</strong></span> <span class='ocrx_word' id='word_1_242' title='bbox 314 4329 453 4402; x_wconf 81' lang='lat' dir='ltr'><strong>perfidiam</strong></span> <span class='ocrx_word' id='word_1_243' title='bbox 472 4332 507 4396; x_wconf 86' lang='lat' dir='ltr'><strong>(ru</strong></span> <span class='ocrx_word' id='word_1_244' title='bbox 523 4330 603 4394; x_wconf 81' lang='lat' dir='ltr'><strong>erar.)</strong></span> <span class='ocrx_word' id='word_1_245' title='bbox 618 4327 647 4380; x_wconf 92' lang='lat' dir='ltr'><em>D</em></span> <span class='ocrx_word' id='word_1_246' title='bbox 698 4326 879 4395; x_wconf 79' lang='lat' dir='ltr'><strong>significatam</strong></span> <span class='ocrx_word' id='word_1_247' title='bbox 894 4326 927 4380; x_wconf 89' lang='lat' dir='ltr'><em>K</em></span> <span class='ocrx_word' id='word_1_248' title='bbox 937 4327 1090 4394; x_wconf 83' lang='lat' dir='ltr'><strong>siguilicatn</strong></span> <span class='ocrx_word' id='word_1_249' title='bbox 1108 4330 1150 4380; x_wconf 83' lang='lat' dir='ltr'><strong>cst</strong></span> <span class='ocrx_word' id='word_1_250' title='bbox 1162 4326 1192 4381; x_wconf 91' lang='lat' dir='ltr'><em>D</em></span> <span class='ocrx_word' id='word_1_251' title='bbox 1210 4328 1393 4397; x_wconf 81' lang='lat' dir='ltr'><strong>significatae</strong></span> 
     </span>
     <span class='ocr_line' id='line_1_31' title="bbox 264 4413 1395 4490; baseline -0.004 -16"><span class='ocrx_word' id='word_1_252' title='bbox 264 4419 336 4490; x_wconf 90' lang='lat' dir='ltr'><strong>quod</strong></span> <span class='ocrx_word' id='word_1_253' title='bbox 358 4419 430 4472; x_wconf 87' lang='lat' dir='ltr'><strong>cuim</strong></span> <span class='ocrx_word' id='word_1_254' title='bbox 447 4415 555 4484; x_wconf 82' lang='lat' dir='ltr'><strong>ocripss&#39;,</strong></span> <span class='ocrx_word' id='word_1_255' title='bbox 579 4415 614 4482; x_wconf 84' lang='lat' dir='ltr'><strong>cs.</strong></span> <span class='ocrx_word' id='word_1_256' title='bbox 634 4413 723 4482; x_wconf 76' lang='lat' dir='ltr'><strong>Stady</strong></span> <span class='ocrx_word' id='word_1_257' title='bbox 745 4415 780 4481; x_wconf 79' lang='lat' dir='ltr'><strong>os</strong></span> <span class='ocrx_word' id='word_1_258' title='bbox 793 4414 900 4468; x_wconf 72' lang='lat' dir='ltr'><strong>Ambit.</strong></span> <span class='ocrx_word' id='word_1_259' title='bbox 913 4431 944 4483; x_wconf 85' lang='lat' dir='ltr'><strong>p.</strong></span> <span class='ocrx_word' id='word_1_260' title='bbox 967 4419 1005 4468; x_wconf 84' lang='lat'><strong>77</strong></span> <span class='ocrx_word' id='word_1_261' title='bbox 1027 4413 1099 4483; x_wconf 87' lang='lat' dir='ltr'><strong>qnod</strong></span> <span class='ocrx_word' id='word_1_262' title='bbox 1117 4413 1147 4469; x_wconf 92' lang='lat' dir='ltr'><em>D</em></span> <span class='ocrx_word' id='word_1_263' title='bbox 1169 4415 1240 4469; x_wconf 80' lang='lat' dir='ltr'><strong>enim</strong></span> <span class='ocrx_word' id='word_1_264' title='bbox 1259 4415 1333 4484; x_wconf 90' lang='lat' dir='ltr'><strong>quod</strong></span> <span class='ocrx_word' id='word_1_265' title='bbox 1350 4415 1395 4469; x_wconf 81' lang='lat' dir='ltr'><strong>Kc</strong></span> 
     </span>
     <span class='ocr_line' id='line_1_32' title="bbox 266 4499 1395 4564; baseline -0.008 0"><span class='ocrx_word' id='word_1_266' title='bbox 266 4510 299 4564; x_wconf 82' lang='lat'><strong>12</strong></span> <span class='ocrx_word' id='word_1_267' title='bbox 318 4510 361 4562; x_wconf 84' lang='lat' dir='ltr'><strong>est</strong></span> <span class='ocrx_word' id='word_1_268' title='bbox 379 4520 470 4559; x_wconf 84' lang='lat' dir='ltr'><strong>eornm</strong></span> <span class='ocrx_word' id='word_1_269' title='bbox 488 4502 521 4557; x_wconf 84' lang='lat' dir='ltr'><em>K</em></span> <span class='ocrx_word' id='word_1_270' title='bbox 572 4503 606 4556; x_wconf 79' lang='grc'><strong>13</strong></span> <span class='ocrx_word' id='word_1_271' title='bbox 625 4504 721 4555; x_wconf 76' lang='lat' dir='ltr'><strong>ctam.</strong></span> <span class='ocrx_word' id='word_1_272' title='bbox 739 4499 790 4553; x_wconf 83' lang='lat' dir='ltr'><strong>Ka</strong></span> <span class='ocrx_word' id='word_1_273' title='bbox 856 4501 1036 4555; x_wconf 76' lang='lat' dir='ltr'><strong>illusoriam</strong></span> <span class='ocrx_word' id='word_1_274' title='bbox 1057 4500 1109 4554; x_wconf 82' lang='lat' dir='ltr'><strong>Kc</strong></span> <span class='ocrx_word' id='word_1_275' title='bbox 1178 4503 1266 4554; x_wconf 87' lang='lat' dir='ltr'><strong>carnis</strong></span> <span class='ocrx_word' id='word_1_276' title='bbox 1285 4502 1395 4557; x_wconf 78' lang='lat' dir='ltr'><strong>dicitli</strong></span> 
     </span>
     <span class='ocr_line' id='line_1_33' title="bbox 266 4587 1395 4659; baseline -0.008 -9"><span class='ocrx_word' id='word_1_277' title='bbox 266 4595 437 4651; x_wconf 90' lang='lat' dir='ltr'><strong>idololatriae</strong></span> <span class='ocrx_word' id='word_1_278' title='bbox 456 4610 475 4647; x_wconf 80' lang='lat' dir='ltr'><strong><em>a</em></strong></span> <span class='ocrx_word' id='word_1_279' title='bbox 516 4592 549 4645; x_wconf 82' lang='lat'><strong>15</strong></span> <span class='ocrx_word' id='word_1_280' title='bbox 567 4589 759 4659; x_wconf 75' lang='lat' dir='ltr'><strong>blasphemias]</strong></span> <span class='ocrx_word' id='word_1_281' title='bbox 778 4587 975 4657; x_wconf 77' lang='lat' dir='ltr'><strong>blasphemiam</strong></span> <span class='ocrx_word' id='word_1_282' title='bbox 994 4587 1027 4641; x_wconf 84' lang='lat' dir='ltr'><em>K</em></span> <span class='ocrx_word' id='word_1_283' title='bbox 1040 4587 1209 4657; x_wconf 82' lang='lat' dir='ltr'><strong>blasphemia</strong></span> <span class='ocrx_word' id='word_1_284' title='bbox 1228 4604 1247 4641; x_wconf 82' lang='lat' dir='ltr'><strong>c</strong></span> <span class='ocrx_word' id='word_1_285' title='bbox 1286 4591 1318 4642; x_wconf 88' lang='grc'><strong>17</strong></span> <span class='ocrx_word' id='word_1_286' title='bbox 1336 4595 1395 4643; x_wconf 81' lang='lat' dir='ltr'><strong>sunt</strong></span> 
     </span>
     <span class='ocr_line' id='line_1_34' title="bbox 269 4674 1396 4743; baseline -0.01 -4"><span class='ocrx_word' id='word_1_287' title='bbox 269 4684 300 4739; x_wconf 84' lang='lat' dir='ltr'><em>K</em></span> <span class='ocrx_word' id='word_1_288' title='bbox 397 4682 429 4736; x_wconf 87' lang='grc'><strong>18</strong></span> <span class='ocrx_word' id='word_1_289' title='bbox 447 4680 550 4735; x_wconf 88' lang='lat' dir='ltr'><strong>adhoc</strong></span> <span class='ocrx_word' id='word_1_290' title='bbox 569 4695 587 4731; x_wconf 85' lang='lat' dir='ltr'><strong>u</strong></span> <span class='ocrx_word' id='word_1_291' title='bbox 688 4677 724 4730; x_wconf 84' lang='lat'><strong>20</strong></span> <span class='ocrx_word' id='word_1_292' title='bbox 741 4676 836 4729; x_wconf 86' lang='lat' dir='ltr'><strong>niuens</strong></span> <span class='ocrx_word' id='word_1_293' title='bbox 854 4675 905 4728; x_wconf 81' lang='lat' dir='ltr'><strong>Kc</strong></span> <span class='ocrx_word' id='word_1_294' title='bbox 997 4675 1029 4727; x_wconf 84' lang='lat'><strong>21</strong></span> <span class='ocrx_word' id='word_1_295' title='bbox 1051 4674 1120 4743; x_wconf 83' lang='lat' dir='ltr'><strong>case]</strong></span> <span class='ocrx_word' id='word_1_296' title='bbox 1139 4674 1206 4728; x_wconf 78' lang='lat' dir='ltr'><strong>add.</strong></span> <span class='ocrx_word' id='word_1_297' title='bbox 1225 4680 1254 4729; x_wconf 84' lang='lat' dir='ltr'><strong>ct</strong></span> <span class='ocrx_word' id='word_1_298' title='bbox 1272 4693 1334 4730; x_wconf 91' lang='lat' dir='ltr'><strong>caro</strong></span> <span class='ocrx_word' id='word_1_299' title='bbox 1351 4675 1396 4729; x_wconf 81' lang='lat' dir='ltr'><strong>Ka</strong></span> 
     </span>
     <span class='ocr_line' id='line_1_35' title="bbox 270 4759 1395 4838; baseline -0.008 -13"><span class='ocrx_word' id='word_1_300' title='bbox 270 4773 304 4825; x_wconf 69' lang='lat'><strong>25³</strong></span> <span class='ocrx_word' id='word_1_301' title='bbox 326 4771 407 4838; x_wconf 88' lang='lat' dir='ltr'><strong>rnala]</strong></span> <span class='ocrx_word' id='word_1_302' title='bbox 435 4766 499 4822; x_wconf 76' lang='lat' dir='ltr'><strong>add.</strong></span> <span class='ocrx_word' id='word_1_303' title='bbox 528 4765 592 4835; x_wconf 86' lang='lat' dir='ltr'><strong>quia</strong></span> <span class='ocrx_word' id='word_1_304' title='bbox 613 4762 646 4816; x_wconf 83' lang='lat' dir='ltr'><em>K</em></span> <span class='ocrx_word' id='word_1_305' title='bbox 755 4765 850 4816; x_wconf 85' lang='lat' dir='ltr'><strong>contra</strong></span> <span class='ocrx_word' id='word_1_306' title='bbox 867 4759 980 4816; x_wconf 84' lang='lat' dir='ltr'><strong>eundem</strong></span> <span class='ocrx_word' id='word_1_307' title='bbox 1003 4763 1140 4831; x_wconf 85' lang='lat' dir='ltr'><strong>spiritum]</strong></span> <span class='ocrx_word' id='word_1_308' title='bbox 1161 4759 1234 4816; x_wconf 83' lang='lat' dir='ltr'><strong>idern</strong></span> <span class='ocrx_word' id='word_1_309' title='bbox 1259 4766 1302 4816; x_wconf 88' lang='lat' dir='ltr'><strong>est</strong></span> <span class='ocrx_word' id='word_1_310' title='bbox 1324 4764 1395 4832; x_wconf 87' lang='lat' dir='ltr'><strong>apiri-</strong></span> 
     </span>
     <span class='ocr_line' id='line_1_36' title="bbox 273 4855 387 4912; baseline -0.026 0"><span class='ocrx_word' id='word_1_311' title='bbox 273 4864 318 4912; x_wconf 89' lang='lat' dir='ltr'><strong>tos</strong></span> <span class='ocrx_word' id='word_1_312' title='bbox 336 4855 387 4911; x_wconf 82' lang='lat' dir='ltr'><strong>Kc</strong></span> 
     </span>
    </p>
   </div>
   <div class='ocr_carea' id='block_1_8' title="bbox 0 0 1705 6434">
    <p class='ocr_par' dir='ltr' id='par_1_9' title="bbox 0 0 1705 6434">
     <span class='ocr_line' id='line_1_37' title="bbox 0 0 1705 6434; baseline 0 0"><span class='ocrx_word' id='word_1_313' title='bbox 0 0 1705 6434; x_wconf 95' lang='lat' dir='ltr'><strong> </strong></span> 
     </span>
    </p>
   </div>
  </div>
 </body>
</html>
