3275 6434
476 1470 606 1536 298
1265 1467 1462 1524 Liber
1497 1471 1962 1540 quaestionum

564 1662 670 1729 29.
715 1661 799 1727 Et
835 1661 1152 1745 sequitur:
1189 1666 1381 1727 tunc
1429 1661 1906 1746 acceptabis
1953 1662 2475 1730 sacrificium
2522 1664 2762 1732 iusti-

475 1770 664 1847 tiae,
719 1768 1188 1836 oblationes
1244 1773 1324 1834 et
1384 1768 1896 1836 holocausta.
1964 1769 2086 1835 hoc
2140 1768 2317 1849 dicit,
2378 1770 2532 1855 quia
2585 1771 2759 1839 obla-

474 1876 681 1942 tiones
726 1878 794 1942 et
836 1876 1210 1943 holocausta
1254 1881 1408 1941 tunc
1452 1878 1711 1960 accepto
1760 1874 1903 1940 ferri
1940 1874 2263 1956 haberent,
2298 1895 2447 1943 cum
2487 1877 2759 1944 ecclesia

476 1985 651 2048 esset
696 1978 1047 2062 aedificata,
1095 1987 1160 2049 et
1201 2001 1323 2048 non
1370 1981 1610 2066 passim
1657 1984 1771 2046 aut
1813 1979 2160 2048 secundum
2207 1982 2755 2064 consuetudinem,

477 2087 590 2153 sed
645 2088 1184 2167 sacrificium,
1230 2087 1460 2171 inquit,
1515 2085 1909 2153 iustitiae
1964 2086 2462 2170 acceptabis.
2507 2088 2752 2155 iustum
2795 2105 2835 2152 τ

477 2199 580 2260 est
622 2193 1024 2266 sacrificium.
1071 2212 1216 2260 cum
1264 2192 1649 2278 condignum
1692 2210 1926 2258 munus
1973 2192 2259 2266 offer-tura
2305 2212 2491 2278 porro
2538 2198 2752 2261 autem

475 2298 635 2364 nihil
679 2303 809 2365 tam
854 2299 1098 2365 iustum
1146 2303 1246 2364 est
1292 2302 1358 2365 et
1401 2298 1807 2383 condignum,
1862 2297 1986 2365 nisi
2032 2301 2108 2365 ut
2151 2318 2266 2366 nos
2311 2300 2491 2383 ipsos
2538 2299 2753 2367 offera-

475 2424 620 2472 mus
668 2405 807 2471 deo.
853 2405 1005 2488 quia
1047 2405 1215 2471 enim
1262 2404 1456 2470 deus
1504 2404 1859 2489 spiritus
1916 2408 2059 2485 est,
2105 2405 2422 2489 spiritalia
2464 2405 2565 2471 illi
2610 2406 2752 2473 offe·

472 2512 664 2578 reuda
707 2516 857 2578 sunt
903 2511 1229 2588 sacrificia,
1276 2515 1353 2578 ut
1395 2511 1547 2578 uiuo
1595 2511 1749 2578 uiua
1782 2512 1994 2578 hostia
2028 2511 2343 2580 offeratur.
2391 2511 2544 2596 quia
2589 2513 2751 2579 enim

475 2618 717 2684 dixerat
767 2618 831 2682 in
885 2636 1083 2684 causa
1141 2619 1385 2702 peccati
1451 2617 1779 2684 sacrificiis
1834 2616 2191 2684 carnalibus
2247 2617 2435 2683 deum
2491 2619 2751 2685 minime
2776 2631 2823 2678 ιο

475 2723 797 2800 delectari,
854 2724 1134 2789 ostendit
1185 2725 1495 2802 futurum,
1551 2723 1701 2808 quia
1764 2723 2134 2808 spiritaliter
2193 2722 2311 2791 deo
2367 2723 2750 2798 efferendum

475 2837 609 2895 erat
654 2832 721 2895 et
765 2832 1140 2912 acceptaret,
1197 2829 1347 2912 quia
1391 2829 1546 2896 haec
1605 2828 1724 2896 deo
1785 2828 1978 2914 digna
2032 2832 2185 2895 sunt
2236 2829 2570 2908 sacrificia,
2636 2830 2751 2896 boc

474 2940 593 3014 est,
630 2935 694 3001 in
732 2936 1142 3018 praeteritum
1181 2935 1425 3001 minora
1460 2935 1718 3001 fuerunt
1753 2935 1935 3019 quasi
1972 2935 2263 3014 carnalia,
2292 2953 2462 3003 nunc
2497 2937 2749 3011 maiora,

476 3041 625 3124 quia
671 3040 1003 3126 spiritalia.

564 3150 669 3214 30.
715 3148 798 3212 Ει
859 3147 1118 3213 adiecit:
1186 3153 1377 3214 tunc
1433 3149 1828 3230 inponent
1892 3168 2134 3233 super
2197 3148 2462 3215 altare
2526 3152 2823 3215 tuum¹⁵

475 3254 811 3320 uitulos.
879 3255 935 3319 si
982 3255 1379 3320 cessantibus
1425 3255 1708 3336 pristinis
1755 3255 2083 3322 sacrificiis
2138 3255 2450 3340 spiritalia
2504 3274 2747 3321 succes·

474 3378 622 3425 sura
666 3359 976 3425 sacrificia
1020 3361 1427 3446 significauit,
1474 3360 1625 3444 quid
1672 3364 1774 3426 est
1817 3363 1891 3426 ut
1934 3359 2200 3427 diceret:
2241 3365 2415 3427 ‘tunc
2452 3361 2752 3445 inponent

472 3484 663 3549 super
705 3466 900 3532 altare
943 3471 1128 3532 tuum
1165 3465 1450 3546 uitulos’‚
1496 3467 1618 3532 nisi
1667 3468 1815 3550 quia
1851 3487 1963 3552 per
1999 3467 2153 3532 haec
2190 3466 2540 3550 corporalia
2576 3467 2747 3551 spiri·

470 3571 625 3636 talia
669 3571 1005 3656 significat,
1052 3573 1286 3656 quippe
1323 3592 1468 3638 cum
1508 3573 1750 3652 dixerit,
1799 3573 1946 3657 quia
1993 3573 2350 3639 carnalibus
2388 3592 2510 3639 non
2551 3572 2749 3638 delec-

471 3680 685 3743 tatur?
758 3676 998 3744 uitulos
1082 3697 1229 3762 ergo
1305 3678 1520 3745 dicens
1598 3678 1904 3763 populum
1977 3678 2297 3745 nouellum
2363 3678 2750 3763 significauit
2778 3685 2829 3733 ὓ

473 3782 709 3850 Christi
737 3783 859 3850 fide
886 3788 1195 3860 renatum,
1233 3786 1416 3850 cuius
1456 3784 1713 3850 deuotio
1751 3785 2014 3851 cottidie
2051 3804 2242 3869 super
2276 3784 2477 3851 altare
2515 3784 2750 3851 domini

472 3889 805 3955 delibatur.
854 3891 962 3972 qui
1010 3889 1174 3954 enim
1230 3889 1308 3955 de
1354 3890 1624 3958 ecclesia
1669 3891 2062 3976 intellegitur
2113 3891 2392 3970 locutus,
2447 3889 2753 3957 sacrificia

472 4013 723 4078 quoque
770 3996 907 4061 eius
955 3996 1267 4079 spiritalia
1312 3996 1705 4082 significasse
1753 3997 1941 4062 debet
1983 3996 2289 4082 intellegi.

652 4256 676 4308 1
719 4256 806 4313 Pa.
846 4257 934 4323 50,
970 4256 1034 4311 21
1147 4258 1181 4310 5
1219 4257 1307 4311 1³2.
1345 4258 1433 4323 50,
1471 4257 1536 4311 21
1651 4258 1836 4330 8:101).
1875 4259 1927 4325 4,
1966 4255 2036 4310 24
2147 4257 2212 4311 15
2252 4256 2338 4310 Ρ..
2375 4257 2465 4320 50,
2505 4259 2571 4313 21

293 4435 476 4505 def,F
547 4429 569 4481 1
613 4427 1004 4497 hacceptabilis
1041 4429 1114 4484 Μ
1281 4431 1315 4485 2
1353 4429 1659 4484 oblationes
1689 4429 1798 4499 pt]
1837 4434 1895 4484 et
1931 4430 2237 4485 oblationes
2278 4431 2338 4497 0,
2374 4434 2459 4503 (et
2493 4438 2658 4502 eras.)
2697 4432 2761 4487 N

468 4517 501 4571 3
540 4521 765 4585 accepta
799 4516 952 4570 Nma
1145 4517 1291 4588 ferri]
1329 4518 1442 4572 fleri
1480 4518 1535 4572 P
1567 4518 1694 4572 fiere
1731 4523 1890 4584 (corr.
1927 4518 2065 4586 fieri)
2103 4519 2167 4573 N
2354 4520 2658 4576 baberentu
2695 4524 2748 4588 (u

468 4606 630 4670 erae.)
665 4603 742 4658 M
876 4605 910 4658 5
948 4605 1300 4676 acceptabilis
1336 4605 1465 4669 (litt.
1504 4622 1646 4660 erae.
1680 4623 1724 4662 s.
1753 4622 1845 4674 pr.
1884 4610 1937 4674 a)
1974 4606 2048 4661 M
2195 4607 2421 4678 iustum]
2461 4609 2510 4663 si
2546 4608 2749 4663 iustum

467 4695 626 4759 (erae.
666 4693 732 4759 si)
777 4693 826 4747 0
952 4694 985 4747 6
1025 4710 1141 4748 cum
1181 4693 1509 4764 condignum
1549 4710 1744 4749 munus
1782 4694 2005 4750 offertur
2041 4712 2198 4767 porro
2237 4700 2420 4752 autem
2458 4698 2602 4753 nibil
2636 4702 2747 4753 tam

468 4782 669 4835 iustum
710 4785 795 4836 est
831 4786 888 4836 et
925 4781 1247 4852 condignum
1288 4783 1393 4837 nisi
1430 4800 1535 4838 οηι.
1570 4782 1626 4837 Ρ
1766 4801 1882 4838 cum
1923 4801 2025 4840 om.
2067 4785 2175 4840 ΟΔ
2302 4787 2333 4840 7
2372 4788 2497 4858 nos]
2537 4804 2646 4842 neu
2682 4787 2755 4842 Π

468 4868 757 4922 offeramur
805 4868 852 4923 Ο
1029 4872 1089 4924 11
1141 4871 1270 4940 quia
1315 4869 1474 4940 (corr.
1511 4874 1609 4924 22⁸2
1647 4871 1809 4940 quod)
1847 4871 1913 4925 N
2113 4873 2180 4927 12
2218 4872 2353 4942 erat]
2402 4872 2506 4928 deo
2546 4878 2666 4930 erat
2698 4874 2751 4929 P

469 4955 535 5010 18
573 4956 752 5027 quasi]
793 4958 921 5028 quia
954 4957 1011 5011 1²
1170 4959 1235 5013 16
1271 4959 1338 5028 si]
1374 4959 1455 5013 sic
1487 4958 1543 5013 P
1585 4960 1632 5014 si
1669 4962 1830 5028 (corr.
1866 4963 1962 5013 50⁸2
1996 4959 2095 5029 sic)
2132 4959 2199 5014 N
2405 4962 2665 5018 sacrificis
2703 4962 2750 5018 G

471 5045 536 5100 18
581 5045 849 5116 spiritalia
884 5062 986 5101 om.
1024 5046 1080 5101 P
1200 5048 1272 5102 20
1308 5047 1515 5102 uitulus
1557 5048 1605 5102 0
1671 5050 1772 5104 .21
1814 5047 1972 5104 fldem
2010 5047 2078 5103 N
2105 5054 2311 5117 (corn),
2351 5050 2416 5104 Χ
2556 5053 2745 5107 altaria

466 5136 653 5198 (corr.)
684 5130 751 5185 N
883 5132 1106 5205 domini]
1147 5134 1305 5190 deum
1333 5134 1400 5189 N
1428 5139 1629 5203 (corn),
1668 5136 1780 5190 EG
