3275 6434
296 1174 362 1237 212
690 1167 788 1224 Liber
806 1170 1038 1239 quaestionum

297 1363 425 1429 minime
448 1369 498 1429 est
520 1363 684 1449 denegata.
707 1368 741 1429 et
763 1383 825 1447 quo
849 1365 943 1431 modo
967 1366 1066 1431 maior
1089 1366 1190 1450 grath
1211 1367 1242 1432 in
1270 1386 1355 1434 noue
1382 1371 1434 1433 est

297 1479 391 1553 quam
415 1470 446 1534 in
470 1469 592 1535 ueteri?
614 1488 686 1535 nam
709 1469 770 1534 hoc
791 1469 913 1536 inimici
932 1475 991 1548 est,
1016 1471 1195 1553 quinniens
1218 1473 1311 1538 aliter
1332 1473 1432 1539 homi·

296 1575 389 1642 nibus
412 1575 570 1660 prouideri
597 1593 658 1640 non
686 1594 791 1659 pesae,
819 1582 857 1640 ut
882 1578 1067 1660 perueniant
1094 1578 1134 1643 ad
1161 1579 1309 1656 salutern,
1337 1598 1431 1662 quarn

295 1682 475 1748 interuentu
498 1681 717 1765 paenitentiae,
745 1680 890 1765 spiritum
919 1684 1064 1748 sanctum
1093 1682 1155 1759 det,
1184 1685 1235 1749 cui
1263 1686 1290 1750 si
1318 1685 1432 1749 iniuria

296 1787 380 1853 iacta
410 1787 506 1853 fuerit
537 1790 624 1852 metu
652 1787 758 1870 aliquo
790 1793 847 1852 aut
880 1807 937 1871 per
971 1807 1118 1867 errorem,
1153 1791 1216 1855 iam
1254 1791 1432 1856 satisfactio
1461 1805 1477 1846 a

296 1897 401 1961 locum
421 1911 481 1960 nou
510 1893 624 1959 habeat
650 1893 838 1959 reformandi
868 1892 1040 1969 hominem3
1069 1894 1130 1960 hec
1157 1898 1207 1960 est
1234 1897 1431 1960 occasionem

296 2001 459 2086 quaesisse
494 1999 642 2082 perdendi
679 1999 826 2066 hominis.
863 2018 922 2066 non
955 2000 1110 2066 aaluandi.
1142 2001 1198 2066 aed
1231 2001 1324 2076 absit,
1357 2001 1432 2084 quia

296 2107 443 2172 dominus
467 2106 525 2171 ait:
549 2105 657 2170 fitius
681 2105 843 2170 hominis
867 2125 935 2171 non
965 2106 1070 2171 uenit
1097 2107 1240 2172 animas
1264 2106 1432 2190 perdere.

296 2212 361 2278 sed
383 2213 540 2277 saturare.
568 2229 640 2275 uam
668 2211 697 2275 ai
724 2211 813 2276 nobis
844 2216 982 2294 peccata,
1010 2230 1090 2294 quas
1117 2212 1148 2276 in
1178 2231 1235 2277 uos
1262 2230 1431 2295 peccamus

295 2318 442 2384 inuicem.
474 2318 501 2382 si
531 2321 761 2393 connectamur,
793 2318 975 2402 septuagies
1003 2318 1120 2399 septies
1147 2318 1267 2382 remitti
1294 2336 1314 2381 a
1340 2317 1432 2381 nobis
1452 2337 1476 2377 m

295 2423 482 2489 atterutrum
500 2420 660 2505 praecepit
677 2419 765 2498 deus,
785 2427 901 2505 quanto
920 2423 1021 2506 magia
1040 2423 1121 2505 ipae,
1141 2423 1168 2487 ai
1191 2422 1223 2487 in
1245 2422 1337 2487 illum
1360 2440 1432 2504 pee-

295 2531 394 2605 cetur¹
409 2529 547 2612 ignoscit
560 2529 734 2595 conuersis!
750 2546 872 2593 omnem
886 2527 968 2594 euim
983 2533 1179 2612 peccatorem
1194 2529 1337 2595 conuerti
1351 2529 1432 2592 nult.

341 2635 392 2699 17.
413 2632 500 2699 Unde
524 2633 687 2715 apostolus
710 2634 885 2699 seminariis
904 2638 938 2700 et
953 2634 1113 2699 inmundis
1132 2635 1300 2699 remissum
1319 2634 1433 2718 probat

295 2739 418 2808 dicens:
447 2758 490 2805 ne
522 2740 619 2805 forte
653 2740 806 2806 ueniens
838 2740 985 2824 lugeam
1017 2741 1158 2805 multos
1191 2759 1231 2804 ex
1263 2738 1333 2815 iiis,
1366 2741 1431 2820 qui

295 2849 380 2912 ante
403 2850 660 2928 peccauerunt
689 2850 726 2912 et
752 2865 821 2911 nou
845 2851 1004 2930 egerunt
1026 2844 1293 2929 paenitentiam
1319 2863 1433 2927 super
1452 2864 1476 2905 m

295 2951 524 3017 inmunditia
560 2956 598 3016 et
631 2952 895 3018 fornicatione.
929 2970 1036 3035 quam
1074 2953 1282 3035 gesseruut.
1319 2950 1432 3033 probat

294 3057 448 3140 quosdam
467 3059 572 3142 agisne
589 3058 824 3140 paonitentiam,
843 3057 1010 3141 dequibus
1029 3077 1088 3123 iren
1108 3057 1204 3135 dotet,
1224 3055 1279 3121 sed
1298 3056 1432 3138 gaudet:

295 3163 419 3247 aliquos
442 3167 549 3229 eumin
572 3162 731 3246 significat
758 3182 818 3228 neu
847 3165 951 3247 egisse
979 3162 1194 3229 fornicationis
1222 3180 1297 3226 snae
1325 3163 1431 3243 paeni·

294 3270 439 3348 mutam,
462 3271 590 3352 propter
613 3269 697 3352 quod
720 3274 753 3334 et
775 3271 884 3354 lugere
908 3287 942 3335 ee
965 3288 1019 3335 eos
1048 3269 1127 3335 dicit
1154 3287 1214 3335 non
1238 3268 1433 3351 pertinentes

294 3373 335 3439 ad
357 3375 470 3453 uitam,
494 3374 651 3457 quianon
675 3379 808 3459 agemnt
831 3375 1064 3457 paenitentiam.
1088 3374 1114 3439 si
1139 3374 1221 3438 enim
1249 3373 1344 3438 huius
1374 3373 1431 3436 cri·
1450 3399 1476 3436 :a

295 3480 390 3545 minis
414 3480 445 3544 iu
465 3480 524 3546 hac
542 3480 611 3545 uita
629 3498 753 3564 semper
771 3480 892 3564 agenda
909 3481 1099 3564 paenitentia
1119 3484 1214 3556 esset,
1234 3497 1294 3544 non
1314 3478 1434 3542 diceret

294 3586 403 3670 lugere
428 3603 463 3650 ae
486 3603 551 3662 eos,
575 3585 724 3668 quianon
749 3590 891 3670 egerunt,
915 3585 970 3651 aed
999 3586 1073 3669 quia
1099 3603 1160 3651 nou
1189 3587 1299 3668 egunt.
1327 3584 1432 3648 sciens

295 3695 402 3756 autem
425 3691 476 3755 tric
500 3695 533 3755 et
554 3691 650 3774 incipi
674 3696 707 3756 et
729 3692 838 3776 peragi
862 3691 1096 3773 paenitentiam.
1117 3691 1161 3754 ait
1175 3690 1250 3773 quia
1267 3696 1339 3754 ‘non
1359 3707 1431 3773 ege·

294 3799 389 3861 runt‘.
415 3796 475 3862 hoc
503 3797 585 3862 enim
613 3798 751 3875 uolebat,
779 3803 817 3862 ut
844 3797 974 3863 ueniens
1002 3796 1041 3862 ad
1074 3816 1127 3861 eos
1158 3814 1268 3879 pacem
1302 3795 1432 3859 haberet

296 3920 369 3967 cum
392 3901 610 3967 communione
638 3921 756 3968 eonem.
784 3921 858 3968 eece
884 3903 1050 3986 probatum
1080 3906 1128 3966 est
1155 3900 1331 3966 fomicariis
1358 3905 1434 3983 post
1450 3923 1481 3963 ea

384 4129 401 4182 8
418 4128 483 4185 Luc.
501 4129 527 4196 9,
546 4129 581 4182 56
624 4130 655 4183 10
674 4127 707 4182 ct.
726 4128 824 4183 Mattio.
847 4131 887 4190 13,
906 4129 941 4182 22
989 4129 1020 4182 12
1040 4128 1072 4185 et.
1092 4127 1190 4182 Erech.
1212 4128 1253 4194 18,
1271 4128 1314 4181 32.
1334 4128 1377 4181 33
1401 4128 1430 4181 11

297 4214 452 4271 rancor.
473 4217 515 4284 12,
534 4218 566 4271 21
618 4217 652 4271 23
672 4216 699 4271 11
718 4215 779 4272 Cor.
799 4218 841 4279 12,
860 4217 891 4270 21

208 4341 295 4410 ‹teth
334 4340 520 4395 lminimaC
608 4345 651 4394 est
668 4341 695 4393 ia
714 4356 784 4394 nouo
805 4340 834 4391 λ’
912 4340 970 4392 tsi
989 4356 1039 4393 oria.
1060 4338 1094 4390 It!
1179 4338 1330 4391 ihominia
1350 4346 1432 4398 (eurr.

295 4427 429 4492 homines)
455 4428 620 4482 Chaminos
646 4428 697 4481 NA
783 4429 799 4479 8
822 4427 949 4496 hominia]
974 4427 1039 4481 udat
1063 4428 1102 4480 ait
1127 4427 1152 4478 1²
1234 4426 1434 4480 non-aaluare

295 4530 347 4573 am.
365 4515 392 4568 P
461 4517 573 4585 animas]
592 4517 713 4569 homines
731 4516 763 4568 X
817 4515 931 4569 tinebia
949 4514 985 4567 Μ
1039 4515 1072 4568 10
1090 4515 1198 4568 remitte
1218 4519 1297 4578 (corr.
1317 4517 1379 4579 ica.)
1398 4514 1435 4566 ,11

296 4619 380 4658 acar.
398 4603 435 4657 Μ
523 4604 553 4656 11
574 4604 706 4673 praecipit
725 4604 778 4658 CN
851 4605 873 4657 si
892 4618 942 4656 oria.
963 4603 996 4667 P,
1006 4603 1042 4656 Μ
1058 4602 1134 4671 (add.
1154 4606 1215 4669 rec.)
1308 4603 1338 4654 12
1359 4605 1430 4654 enirn

295 4707 346 4747 oua.
365 4692 393 4745 Χ
483 4691 514 4746 16
534 4692 712 4746 fornicatione
731 4698 758 4745 et
776 4692 940 4745 inmunditia
957 4691 985 4744 P
1085 4691 1274 4744 inmunditiam
1293 4694 1385 4758 (corr.)
1407 4690 1434 4740 λ’

295 4779 498 4833 fornicationem
516 4782 608 4850 (corr.)
628 4779 681 4833 NA
736 4781 770 4834 18
788 4785 877 4835 autem
893 4796 942 4834 ona
958 4781 985 4832 P
1038 4781 1071 4833 19
1089 4778 1431 4849 propter-poenitentiarii

294 4883 345 4921 aaa.
364 4867 392 4920 P
456 4868 490 4921 22
508 4885 537 4922 ae
556 4884 606 4922 oin.
626 4868 661 4922 Μ
731 4869 818 4921 aciens
836 4873 915 4933 (corr.
933 4869 1061 4932 seientes)
1083 4866 1110 4918 ,Υ
1125 4868 1240 4921 scientes
1259 4867 1287 4919 Χ
1348 4867 1382 4918 23
1403 4872 1431 4918 et

294 4955 376 5024 incipi
394 4958 423 5008 et
441 4957 545 5025 peragi]
565 4957 719 5026 „incipient
738 4960 796 5009 ient
813 4959 871 5015 ne2)
890 4955 982 5024 peragi
1001 4971 1080 5019 (coir.
1100 4970 1239 5024 perageret
1259 4954 1285 5004 λ’
1379 4955 1431 5020 nirt

292 5057 364 5096 arca.
383 5041 413 5093 N
462 5043 497 5096 24
515 5044 564 5097 laec
581 5044 608 5097 P
659 5044 695 5096 23
714 5044 797 5112 proba
815 5047 894 5109 (corr.
914 5046 975 5110 rer.)
992 5042 1028 5095 Μ
