3275 6434
483 1484 567 1549 98
1276 1480 1472 1535 Liber
1508 1480 1974 1551 quaestionum

480 1679 739 1741 sanetus
787 1675 848 1739 in
896 1675 1206 1758 uirginem
1255 1675 1680 1740 sanctitieauit
1724 1692 1862 1741 eam
1911 1691 2097 1758 opere
2146 1691 2263 1740 sno
2311 1673 2596 1738 efficiens
2634 1690 2768 1738 corf

481 1799 604 1863 pus
651 1783 939 1850 sanetum
986 1799 1058 1845 ex
1103 1798 1197 1858 ea,
1241 1780 1304 1845 in
1353 1799 1477 1863 qno
1523 1780 1731 1847 uirtus
1781 1799 1940 1862 quae
1987 1778 2224 1845 dieitur
2269 1778 2371 1844 dei
2425 1777 2602 1844 filius
2658 1797 2765 1843 na-

483 1890 765 1953 soeretui·
817 1885 997 1952 euius
1035 1884 1431 1952 obumbratio
1476 1885 1541 1951 in
1586 1885 1897 1970 uirginem
1944 1885 2101 1951 haee
2138 1887 2258 1964 est,
2294 1888 2372 1950 nt
2407 1884 2486 1950 de
2519 1885 2767 1949 inmen-

481 1992 673 2058 sitate
698 1991 1059 2058 diuinitatis
1096 1990 1337 2075 aliquid
1374 1995 1549 2058 esset
1571 1991 1634 2057 in
1665 1996 1845 2058 utero
1873 1991 2163 2076 uirginis,
2200 1993 2509 2074 quantum
2544 1993 2771 2074 posset

482 2115 702 2182 capere
756 2100 980 2163 natura
1033 2099 1326 2178 hnmana,
1381 2096 1550 2180 qnod
1606 2097 1790 2180 quasi
1846 2116 1917 2162 ex
1973 2095 2306 2179 splendore
2360 2093 2766 2161 obumbratio
2820 2116 2845 2158 a

483 2203 798 2269 diceretur
857 2202 1116 2270 uirtutis
1171 2203 1271 2270 dei
1325 2207 1623 2287 essetque
1679 2203 1781 2269 dei
1838 2203 2045 2269 uirtus
2099 2220 2214 2268 neo
2278 2220 2398 2267 non
2456 2204 2521 2266 et
2579 2199 2763 2273 denez

483 2308 639 2375 nihil
691 2307 859 2373 enim
904 2308 982 2373 de
1027 2308 1143 2374 deo
1181 2314 1302 2388 est,
1363 2309 1533 2392 quod
1577 2328 1699 2376 non
1748 2308 1993 2375 dieatur
2038 2307 2213 2373 dens.
2259 2325 2402 2372 nam
2449 2308 2570 2373 hoe
2629 2323 2763 2372 eor-

481 2431 744 2498 poreum
790 2417 911 2490 εει,
969 2418 1043 2479 ut
1089 2414 1176 2479 sit
1231 2414 1293 2480 in
1341 2432 1524 2480 earne
1583 2414 1826 2497 aliquid
1871 2416 1937 2478 et
1990 2431 2132 2478 earo
2180 2411 2304 2478 diei
2358 2430 2479 2479 non
2533 2413 2764 2497 possit,

484 2520 559 2582 ut
595 2517 707 2600 pili
758 2522 822 2583 et
868 2536 1014 2583 ossa
1059 2522 1126 2583 et
1169 2522 1395 2584 cetera.

481 2796 616 2863 LII.
674 2795 752 2862 SI
809 2796 916 2861 DE
974 2794 1310 2862 SPIRITU
1382 2794 1707 2862 SANCTO
1774 2793 2051 2862 NATUS
2107 2792 2259 2860 EST
2324 2792 2763 2872 CHRISTUS,
2807 2822 2861 2863 ιο

481 2901 572 2967 ID
618 2899 770 2967 EST
816 2899 1190 2967 EFFEOTU
1236 2899 1428 2968 EIUS
1473 2900 1582 2966 EX
1631 2898 1908 2966 MARIA
1954 2899 2175 2966 CABO
2212 2896 2558 2976 news,
2595 2896 2769 2966 cm<

483 3004 815 3072 DICTUM
869 3004 1048 3072 EST:
1114 3004 1625 3080 ‘SAPIENTIA',
1695 3004 1920 3086 QUAE
1977 3002 2294 3084 UTIQUE
2349 3002 2767 3070 CHRISTUS

909 3109 1081 3177 EST.
1130 3109 1695 3176 ‘AEDIFICAUIT
1743 3108 1910 3177 SIBI
1960 3107 2336 3175 DOMUM’?

456 3244 460 3248 ’
576 3250 878 3331 Quaestio
915 3252 1040 3316 ista
1083 3252 1336 3336 gemina
1379 3252 1619 3316 ratione
1668 3252 1857 3317 debet
1899 3251 2184 3334 intellegi
2266 3251 2541 3334 primum
2597 3251 2769 3317 enini

486 3358 712 3422 domus
776 3355 1009 3422 Christi
1073 3356 1344 3422 eeclesia
1404 3359 1523 3435 est,
1596 3375 1787 3438 quam
1851 3354 2214 3420 aedificanit
2274 3354 2397 3420 sibi
2460 3355 2773 3441 sanguine
2814 3375 2861 3417 u

489 3480 626 3527 suo.
684 3460 906 3527 deinde
962 3465 1177 3544 potest
1228 3467 1292 3527 et
1349 3479 1576 3545 eorpus
1631 3461 1768 3527 eius
1826 3461 1952 3527 diei
2017 3459 2243 3527 domus
2306 3459 2531 3544 ipsius,
2596 3461 2775 3527 sient

488 3567 723 3634 dieitur
765 3572 834 3633 et
872 3567 1183 3651 templum
1232 3568 1384 3634 eius.
1432 3569 1485 3632 si
1526 3568 1693 3633 enim
1740 3570 1998 3650 propter
2039 3565 2495 3632 habitationem
2534 3565 2761 3632 dieitm

488 3673 798 3756 templum
845 3672 966 3747 dei,
1011 3691 1133 3739 non
1179 3672 1447 3738 absurde
1494 3672 1739 3738 dicetur
1784 3676 1848 3738 et
1897 3671 2143 3750 domus,
2182 3672 2352 3738 sieut
2385 3672 2665 3756 legimus
2703 3672 2769 3736 in

487 3780 648 3864 lege.
704 3778 818 3859 sed
863 3780 918 3843 si
976 3779 1200 3844 effectu
1250 3779 1513 3861 spiritus
1567 3779 1768 3844 sancti
1833 3778 2071 3843 factum
2129 3782 2229 3843 est
2284 3796 2537 3862 eorpus,
2594 3777 2768 3861 quod

489 3887 556 3949 et
597 3882 856 3950 domum
902 3902 1090 3968 posse
1136 3883 1260 3949 ‹liei
1307 3884 1703 3961 arbitramur,
1751 3902 1940 3966 quare
1998 3883 2076 3948 ad
2135 3901 2465 3966 personam
2523 3883 2767 3951 Christi
2807 3903 2861 3947 so

484 3989 753 4056 relatum
809 3991 926 4054 est.
990 3989 1329 4073 quaeritur.
1389 3990 1627 4056 factum
1685 3990 1801 4054 filii
1866 3991 2106 4055 factum
2172 3989 2371 4073 patria
2435 3992 2555 4065 est,
2620 3988 2772 4072 qnia

485 4094 822 4178 utriusque
868 4113 995 4160 una
1039 4093 1242 4160 uirtus
1290 4098 1411 4161 est.
1457 4095 1651 4161 simili
1713 4094 1901 4162 modo
1962 4095 2153 4160 etiam
2208 4094 2446 4160 factum
2503 4094 2770 4178 spiritus

486 4200 687 4265 sancti
735 4201 970 4265 factum
1029 4198 1139 4263 filii
1199 4200 1297 4265 dei
1356 4206 1455 4265 est
1508 4203 1763 4285 propter
1808 4205 2067 4266 naturae
2114 4203 2179 4264 et
2224 4197 2575 4264 uoluntatis
2629 4199 2770 4264 nni·

485 4310 700 4371 tatem.
755 4307 892 4371 siue
948 4306 1112 4370 enim
1169 4310 1348 4388 patei·
1392 4307 1583 4371 faeiat
1636 4306 1775 4371 siue
1830 4304 2002 4371 filius
2072 4305 2211 4371 siue
2268 4304 2532 4389 spiritus
2588 4321 2766 4370 sano·

485 4418 614 4479 tus.
659 4409 906 4475 trinitas
955 4413 1056 4475 est
1100 4429 1258 4492 quae
1306 4415 1623 4494 operatur:
1684 4413 1748 4474 et
1794 4407 2094 4492 quicquid
2149 4411 2280 4474 tres
2334 4407 2616 4486 fecerint,
2663 4407 2768 4474 dei
2802 4431 2860 4474 ις.

489 4515 676 4580 unius
723 4518 822 4580 est
869 4515 1167 4598 operatio.

669 4778 732 4830 12
772 4778 928 4830 Prou.
967 4779 1017 4829 9.
1060 4779 1079 4828 l
1226 4777 1290 4829 15
1329 4778 1397 4832 cs.
1439 4777 1556 4829 Act.
1595 4775 1681 4842 20,
1719 4776 1789 4829 28
1931 4775 1993 4828 16
2032 4776 2099 4829 cs.
2144 4775 2263 4831 loh.·
2293 4775 2345 4841 2,
2382 4778 2443 4828 21
2591 4776 2655 4828 1³<
2696 4776 2764 4830 cf.

488 4862 576 4916 l’s.
617 4861 703 4915 25».
742 4863 773 4915 8
813 4866 913 4916 etc.

315 5083 421 5150 “es—
440 5081 492 5135 P
559 5071 592 5122 5
629 5085 691 5123 ex
728 5067 1034 5139 splendore]
1074 5066 1394 5138 explendore
1430 5067 1540 5122 FB
1734 5070 1770 5123 6
1808 5067 2017 5123 diceret
2052 5069 2110 5121 X
2307 5068 2549 5138 uirtutis]
2588 5069 2766 5125 nisu·

489 5155 550 5210 N
583 5159 788 5222 (eom),
825 5156 883 5209 Χ
994 5156 1057 5211 18
1095 5154 1406 5210 aedificabit
1444 5155 1550 5210 GA
1663 5156 1729 5212 18
1766 5154 1966 5211 dieitur
2004 5156 2064 5210 Χ
2168 5158 2231 5211 21
2277 5160 2363 5211 est
2391 5158 2501 5226 pn]
2538 5171 2662 5212 eene
2697 5155 2775 5212 Π

488 5245 557 5298 22
593 5243 840 5314 spiritum
883 5245 930 5297 0
1022 5243 1093 5297 23
1130 5246 1216 5297 eat
1251 5241 1338 5296 dei
1379 5242 1483 5298 GA
1593 5248 1813 5315 propter
1848 5247 2041 5314 nature
2077 5247 2325 5314 (propter
2358 5245 2493 5299 natu
2528 5245 2591 5298 in
2625 5251 2771 5313 rau.)

493 5331 554 5384 J!
661 5333 733 5384 25.
770 5332 926 5386 nnius
964 5331 1049 5385 dei
1092 5331 1192 5385 ΘΛ
