3275 6434
238 954 303 1018 436
502 948 673 1020 appendix
696 949 927 1019 quaestionum
945 950 1023 1004 neni
1042 953 1122 1004 test.

237 1142 374 1218 lectione
397 1141 482 1208 dicta
503 1144 562 1220 est,
587 1145 624 1207 ut
640 1141 680 1207 de
698 1142 809 1208 multis
829 1140 906 1226 quid
923 1142 1024 1228 eligas
1043 1142 1136 1223 scies,
1155 1143 1243 1208 inter
1262 1162 1378 1209 encres

238 1267 313 1334 erge
343 1246 443 1332 positi
473 1251 663 1330 acceperunt
692 1250 730 1312 ut
760 1246 882 1332 eligant
911 1265 1034 1328 nerurn,
1063 1247 1098 1313 id
1128 1251 1182 1315 est
1211 1249 1378 1331 reprobate

238 1351 363 1421 diabclc
386 1352 505 1439 eligant
524 1351 627 1419 deum.
645 1351 784 1418 secunda
802 1358 909 1418 autern
928 1351 1010 1438 legis
1028 1371 1100 1437 pars
1119 1353 1199 1419 baec
1217 1359 1283 1427 est.
1302 1372 1378 1438 quae

237 1478 293 1526 sex
314 1457 491 1541 praeceptis
518 1458 706 1527 continetur.
735 1476 816 1541 quse
843 1457 891 1524 sic
913 1457 1040 1542 incipit:
1067 1458 1209 1526 benere
1237 1464 1377 1544 pstrern

236 1567 276 1630 et
297 1565 459 1630 matrenn
481 1563 575 1628 tertia
598 1581 673 1628 uere
696 1563 726 1627 in
751 1563 928 1629 neomeniis
950 1567 983 1629 et
1004 1563 1036 1628 in
1060 1563 1193 1630 sabbate
1217 1568 1273 1630 eet
1295 1569 1330 1631 et
1349 1565 1377 1630 in
1402 1583 1414 1628 e

236 1667 321 1736 escis
340 1666 552 1733 discernendis
572 1686 608 1734 ac
628 1667 782 1754 eligendis
801 1671 835 1734 et
851 1668 882 1732 in
902 1669 1142 1735 circumcisione
1163 1673 1196 1735 et
1214 1670 1248 1735 in
1265 1668 1378 1736 bestiis

236 1773 394 1858 pecudum
408 1772 582 1840 efferendis.
596 1771 676 1839 banc
689 1774 798 1857 itaque
811 1774 916 1858 legem
931 1773 1124 1858 diciturque
1139 1774 1180 1840 ad
1196 1774 1378 1854 iohannem,

236 1898 298 1946 nen
320 1879 405 1944 ultra
428 1877 623 1945 seruandam.
647 1878 695 1944 sic
717 1878 800 1943 enim
825 1878 898 1944 data
920 1882 980 1951 est.
1000 1882 1036 1944 ιιι
1055 1879 1214 1961 completo
1235 1884 1377 1965 tempure

237 1986 386 2051 cessaret
409 2001 467 2049 nec
490 1983 573 2049 enirn
595 1982 658 2048 init
675 1983 714 2048 ab
732 1983 835 2064 initia,
854 1982 911 2050 sed
929 2003 965 2049 er
984 2002 1081 2050 csuss
1099 1984 1173 2050 data
1191 1984 1232 2052 ad
1252 1989 1377 2070 tempus

236 2094 296 2165 est.
319 2094 356 2156 ut
378 2089 565 2156 adueniente
587 2089 747 2155 salustcre
770 2095 910 2156 cesenat
933 2090 993 2159 ier.
1017 2108 1091 2176 erpa
1115 2090 1154 2156 de
1183 2091 1242 2158 dee
1274 2098 1377 2157 manet
1392 2113 1414 2156 rr

235 2200 301 2262 tarn
325 2195 374 2260 lex
397 2198 633 2279 praeceptorum
662 2213 756 2278 quarn
784 2202 897 2261 natura
918 2195 998 2273 eius,
1022 2214 1103 2278 quae
1126 2196 1194 2262 sine
1218 2196 1318 2262 dubio
1340 2197 1377 2264 ab

235 2301 307 2387 ipsc
331 2305 381 2366 est
403 2303 436 2365 et
458 2299 577 2366 aboleri
601 2318 661 2366 nan
684 2305 800 2385 petest.
826 2319 881 2384 per
906 2300 1007 2384 ipsam
1037 2303 1121 2367 enirn
1150 2302 1319 2385 preficitur
1339 2303 1377 2368 ad

236 2406 428 2490 premissum
451 2405 634 2488 praemium.
657 2405 753 2472 timor
775 2406 857 2472 enirn
882 2406 1129 2473 sollicitudinem
1155 2408 1250 2492 parit.

298 2613 358 2680 XX
380 2641 424 2671 =
445 2613 595 2679 LXVIIII

281 2720 357 2786 XXI
380 2747 423 2778 =
445 2719 501 2787 Lx
1394 2745 1416 2790 re

107 2928 336 3012 nentuxiiii.
364 2926 591 2995 SABBATUM
621 2927 752 2995 cairan
780 2928 866 2995 Lux·
888 2927 965 2994 EST
993 2928 1075 2994 Una
1103 2928 1210 2996 PARS
1240 2928 1376 2997 LEGIS:

237 3030 323 3113 QUO
349 3031 467 3099 MODO
492 3031 602 3098 ERGO
626 3031 715 3098 NON
740 3031 962 3100 abactam
986 3033 1066 3098 LEX
1092 3031 1375 3113 aenobarbo

236 3137 462 3205 suberrant
500 3137 698 3204 SOLUTUM
735 3139 810 3204 EST
850 3138 1027 3205 nicenis
1067 3139 1375 3205 suadeamur:

236 3240 451 3323 ‘Quietiora
468 3242 609 3310 SOLUM
625 3241 841 3310 SOLUEBA'I'
857 3244 1095 3313 subernun
1108 3247 1157 3312 ΕΤ
1168 3246 1374 3328 RELIQUA?

281 3381 386 3450 Soluit
417 3402 492 3449 sane
525 3384 691 3449 sabbatum
725 3389 875 3459 seinatcr,
904 3386 958 3450 sed
986 3388 1053 3451 sine
1082 3387 1278 3468 praeiudicio
1311 3388 1372 3452 dati
1389 3416 1412 3460 re

236 3489 370 3556 sabbati.
394 3488 467 3553 dum
493 3490 575 3554 enirn
599 3490 721 3555 sabbati
741 3493 802 3555 iarn
823 3494 950 3573 ternpus
970 3495 1118 3565 cessaret,
1137 3491 1248 3557 ludaei
1269 3497 1371 3558 sutem

236 3596 403 3662 sabbatum
426 3595 530 3661 adbuc
553 3614 678 3660 manere
701 3601 888 3672 assererent,
912 3595 1053 3664 saluatur
1078 3599 1221 3664 sabbatis
1242 3618 1372 3684 operans

236 3705 269 3766 st
289 3700 411 3767 infirme
430 3701 548 3766 lectum
569 3720 662 3765 suuni
679 3702 819 3766 sabbatis
839 3708 963 3785 portare
983 3704 1179 3785 praecipiens
1200 3703 1372 3770 secundnm

234 3825 364 3872 sensum
386 3805 573 3872 Iudaeorum
597 3808 763 3872 sabbatum
788 3807 943 3872 abluebat
972 3828 1041 3873 nem
1068 3808 1156 3873 iuxta
1183 3808 1251 3873 ueri
1280 3808 1370 3874 fidem

234 3930 296 3995 quc
319 3911 412 3978 nncdc
435 3915 498 3977 tate
521 3919 570 3977 est
593 3913 619 3977 si
644 3913 766 3978 dicatur
789 3912 874 3995 qnod
898 3914 959 3977 iarn
988 3917 1178 3990 cessauerat,
1207 3913 1302 3995 quale
1325 3920 1372 3979 est
1386 3943 1410 3986 ι

234 4017 261 4082 si
285 4017 408 4084 dicatur
430 4017 469 4082 de
492 4018 607 4100 aliquo,
629 4020 682 4101 qui
702 4017 917 4101 expraefectus
938 4019 1087 4084 dicendus
1107 4026 1157 4084 est
1175 4026 1208 4083 et
1227 4021 1370 4085 iniuriam

234 4141 349 4205 passus
381 4124 434 4190 sit.
474 4125 549 4206 quia
581 4124 774 4208 praefectura
806 4125 951 4189 iniuriam
985 4145 1078 4208 passa
1109 4136 1169 4201 est,
1202 4142 1265 4190 nen
1299 4144 1370 4208 erge

233 4229 399 4296 sabbatum
425 4228 565 4293 solutum
594 4232 652 4309 ert,
674 4229 730 4294 sed
753 4230 906 4306 hemines,
935 4231 989 4313 qni
1018 4230 1220 4312 inprudenter
1249 4229 1370 4295 sabbati

322 4415 729 4477 4E1.20.12.1>eute.1e
786 4417 940 4484 191015,
962 4419 993 4470 re
1047 4417 1129 4472 aaut
1153 4418 1369 4481 lcb.5‚10eta

234 4501 331 4557 Mattb.
351 4503 394 4569 12,
412 4502 430 4554 2
449 4509 498 4556 etc.
554 4502 588 4556 '28
609 4501 643 4555 ci.
661 4502 759 4556 Mettis.
779 4505 804 4569 9,
823 4504 840 4556 6
860 4507 910 4556 etc.

270 4624 520 4679 dseerDlena
558 4626 1052 4694 ilabipsneetetlestsbipscc
1091 4627 1126 4681 12
1140 4629 1238 4696 ipsam]
1254 4633 1338 4702 ipsurn
1352 4631 1377 4685 α’

239 4712 271 4764 17
290 4709 477 4779 quando-ert
494 4728 545 4764 crs.
564 4728 584 4764 u
673 4713 706 4766 19
730 4722 758 4765 et
779 4712 893 4782 reliqua]
917 4711 965 4766 sed
988 4720 1016 4768 et
1040 4723 1142 4783 patrem
1166 4731 1245 4772 suurn
1266 4720 1370 4775 dicebat

238 4797 317 4851 deum
337 4815 355 4850 a
407 4797 721 4866 aequoreorum
774 4799 808 4852 at
828 4800 873 4868 sit]
892 4801 974 4854 tuerit
992 4817 1012 4855 a
1065 4803 1101 4856 28
1120 4803 1294 4873 impudenter
1312 4824 1330 4860 u
