3275 6434
875 647 2761 1080 —

454 1452 579 1517 166
1238 1449 1438 1505 Liber
1473 1450 1935 1520 quaestionum

449 1640 785 1727 aliquando
833 1645 1060 1721 euenit,
1114 1647 1190 1708 ut
1242 1644 1666 1727 anticipentur
1720 1662 1879 1726 quae
1933 1644 2282 1725 posteriora
2337 1647 2505 1710 sunt.
2560 1644 2733 1710 unde

448 1753 515 1814 et
555 1747 758 1813 Maria
803 1765 946 1812 cum
994 1751 1142 1831 post
1185 1748 1705 1814 resurrectionem
1755 1748 1963 1814 fratris
2008 1748 2110 1814 sui
2160 1748 2374 1813 Lazari
2419 1752 2568 1815 ante
2622 1767 2728 1814 sex

449 1854 583 1919 dies
628 1853 897 1936 paschae
943 1853 1007 1917 in
1053 1872 1207 1918 cena
1250 1857 1524 1938 ungento
1570 1853 1764 1938 pedes
1814 1854 2049 1920 domini
2096 1853 2349 1920 unxisse
2401 1854 2725 1937 probetur,

447 1962 704 2044 propter
766 1958 1292 2044 significationem
1356 1959 1493 2023 eius
1548 1959 1963 2040 anticipatum
2023 1963 2123 2024 est
2189 1958 2267 2024 ab
2332 1958 2730 2043 euangelista

450 2065 700 2130 dicente
744 2064 908 2128 inter
951 2067 1186 2129 cetera:
1233 2063 1474 2128 Maria
1519 2067 1767 2128 autem
1806 2069 1986 2145 erat,
2023 2063 2247 2146 inquit,
2284 2082 2473 2147 quae
2512 2064 2731 2130 unxit

453 2170 698 2236 domin
717 2189 833 2233 um
871 2172 1223 2253 ungento.
1254 2170 1372 2234 hoc
1408 2168 1635 2235 referet
1671 2174 2004 2252 antequam
2035 2169 2308 2234 Lazarus
2345 2171 2729 2244 moreretur:

451 2274 619 2359 quod
666 2273 791 2338 nisi
836 2277 1059 2356 postea
1095 2275 1335 2340 factum
1374 2274 1819 2353 inueniremus‚
1859 2275 2243 2340 nesciremus
2281 2293 2405 2357 quo
2443 2278 2733 2357 tempore

456 2382 690 2446 factum
738 2382 928 2444 esset.

541 2488 604 2551 3.
661 2484 788 2551 Sed
841 2503 918 2548 ne
965 2484 1126 2550 sorte
1184 2486 1333 2567 post
1388 2502 1614 2549 nonam
1670 2484 1885 2549 horam
1942 2483 2177 2550 factum
2234 2485 2322 2550 sit
2374 2488 2449 2549 ut
2503 2483 2732 2550 uidens

453 2592 688 2674 impius
754 2594 819 2656 et
882 2589 1364 2655 crudelissimus
1430 2589 1619 2655 Iudas
1696 2590 1977 2655 occisum
2054 2590 2435 2656 saluatorem
2510 2592 2578 2654 et
2650 2589 2732 2655 ob

451 2695 574 2762 hoc
619 2693 833 2762 uelum
880 2694 1105 2777 templi
1151 2694 1446 2773 scissum,
1494 2699 1724 2760 terram
1772 2695 2131 2774 tremuisse,
2186 2714 2333 2761 saxa
2383 2694 2560 2772 fissa,
2606 2694 2734 2760 ele·

455 2803 668 2869 menta
722 2801 1079 2877 conterrita,
1134 2800 1276 2882 ipso
1342 2802 1517 2866 metu
1575 2803 1901 2882 correptus
1957 2800 2250 2878 doluerit,
2307 2819 2426 2866 non
2473 2800 2731 2866 nescius

457 2908 698 2972 iustum
752 2925 822 2970 se
884 2904 1241 2984 tradidisse,
1306 2905 1369 2969 in
1444 2905 1627 2971 cuius
1702 2906 1995 2989 passione
2062 2907 2154 2972 sic
2216 2906 2582 2992 indignatus
2647 2904 2736 2970 sit

455 3012 639 3077 iudex
694 3011 895 3078 dens?
942 3011 1055 3076 sed
1110 3015 1175 3076 et
1226 3015 1372 3094 post
1425 3031 1650 3076 nonam
1708 3010 1922 3077 horam
1982 3011 2271 3095 occupati
2318 3015 2513 3088 erant,
2564 3011 2738 3076 sicut

457 3115 746 3194 aestimo,
786 3115 1062 3181 seniores
1101 3115 1166 3178 et
1202 3114 1513 3198 principes
1551 3114 1970 3184 sacerdotum.
2008 3135 2271 3199 uespere
2308 3117 2472 3181 enim
2512 3115 2735 3182 eadem

459 3223 559 3288 die
604 3221 902 3306 pascham
950 3222 1151 3287 acturi
1198 3226 1400 3295 erant;
1451 3220 1711 3286 sabbato
1750 3225 1960 3286 autem
1999 3240 2290 3287 nummos
2325 3224 2575 3304 portare
2611 3240 2734 3286 non

457 3327 691 3394 licebat
744 3326 1092 3393 secundum
1156 3326 1389 3412 legem:
1459 3345 1531 3391 ac
1596 3345 1707 3408 per
1767 3326 1887 3392 hoc
1951 3326 2338 3410 inprobabile
2402 3329 2504 3391 est
2564 3326 2736 3408 apud

461 3453 583 3513 me,
613 3452 735 3517 quo
770 3432 890 3511 die,
919 3431 1113 3498 immo
1145 3438 1425 3517 tempore
1451 3432 1678 3515 laqueo
1709 3432 1903 3497 uitam
1932 3431 2163 3497 finierit
2187 3432 2378 3499 Iudas
2398 3431 2735 3498 Scariotes.

463 3642 650 3709 XCV.
689 3641 806 3709 ΠΝ
814 3641 920 3707 DE
961 3639 1178 3706 ORTA
1207 3640 1336 3706 SIT
1376 3636 1902 3706 OBSERUATIO
1942 3637 2527 3706 PENTECOSTES
2575 3640 2740 3706 nm,

1296 3742 1468 3823 QUA
1513 3739 1900 3810 RATIONE.

556 3891 608 3954 1.
628 3888 769 3954 Non
798 3891 896 3953 est
924 3887 1294 3972 ambiguum
1324 3891 1550 3951 cuncta
1579 3885 1900 3970 religionis
1931 3889 2178 3951 nostrae
2206 3885 2342 3951 ueri
2371 3885 2738 3952 testimonio

460 3995 740 4062 roborari
795 3997 860 4058 et
912 3993 1074 4077 legis
1121 3991 1357 4058 ueteris
1403 3991 1844 4076 praerogatiua
1887 3990 2145 4075 signari.
2195 3990 2405 4056 omnia
2448 3990 2618 4056 enim
2673 3992 2738 4056 iu

462 4099 868 4185 praeteritum
921 4098 984 4162 in
1021 4097 1226 4181 figura
1267 4096 1514 4162 futurae
1561 4096 1706 4160 fidei
1751 4090 2000 4161 nostrae
2048 4100 2230 4180 gesta
2284 4099 2350 4161 et
2411 4095 2741 4181 designata

646 4308 678 4359 5
716 4306 830 4360 Ioln.
873 4307 957 4371 11,
996 4307 1028 4358 2
1140 4306 1205 4358 16
1243 4303 1310 4358 cf.
1348 4304 1512 4360 Deut.
1550 4305 1600 4372 5,
1643 4305 1712 4357 lt

284 4435 472 4505 ‹Iej'.P
545 4430 566 4482 1
611 4428 988 4497 anteeipentur
1023 4429 1207 4493 (corr.)
1245 4424 1310 4480 N
1476 4424 1617 4480 unde
1656 4425 1731 4494 etl
1770 4429 1831 4478 ut
1870 4430 1926 4478 et
1963 4424 2029 4478 de
2069 4425 2129 4477 X
2303 4425 2336 4478 2
2373 4441 2490 4479 cum
2529 4440 2635 4478 om.
2673 4424 2747 4479 M

467 4518 554 4573 sui
588 4533 691 4573 om.
731 4517 800 4570 M
976 4519 1008 4570 3
1046 4520 1322 4584 unguento
1367 4513 1529 4568 CNX
1691 4530 1756 4583 pe
1794 4514 1947 4580 (add.
1987 4512 2082 4566 des
2119 4515 2234 4578 ΜΒ)
2275 4512 2347 4565 Μ
2483 4511 2746 4581 probetur

467 4612 627 4675 (corr.
665 4610 759 4660 αι’.)
793 4605 1072 4676 probatur)
1109 4603 1182 4658 Μ
1248 4607 1283 4658 4
1320 4605 1745 4673 significationes
1777 4603 1833 4654 X
1904 4605 1936 4655 ὓ
1976 4602 2061 4656 dm
2091 4601 2162 4654 M
2265 4604 2540 4670 unguento
2572 4599 2747 4655 l'NX

468 4695 637 4749 refert
671 4693 833 4747 Μιη2
869 4694 1060 4756 res.ret
1086 4692 1147 4747 N
1291 4693 1349 4746 11
1394 4692 1588 4746 scitum
1624 4689 1735 4745 CN
1878 4691 2024 4758 fissa]
2061 4688 2225 4743 filista
2258 4689 2420 4758 (corr.
2454 4688 2645 4755 scissa)
2673 4688 2751 4742 M

474 4783 538 4837 12
578 4781 890 4850 conterrita]
932 4782 1176 4834 conteret
1212 4779 1280 4832 ab
1317 4777 1382 4831 N
1484 4779 1749 4831 nescimus
1787 4781 1942 4838 (corr.
1984 4779 2075 4827 0112
2110 4777 2364 4841 nescitur)
2402 4774 2471 4827 M
2580 4777 2647 4829 18
2683 4792 2749 4830 se

472 4875 636 4935 (eras.
673 4870 786 4938 2012)
823 4867 895 4921 Μ
998 4869 1090 4936 sit]
1133 4869 1218 4921 est
1254 4872 1414 4932 (corr.
1454 4883 1520 4918 m.
1561 4881 1665 4918 rec.
1689 4866 1853 4933 sore.)
1894 4861 1958 4916 N
2035 4865 2098 4918 16
2135 4863 2337 4932 pascha
2373 4859 2742 4929 Magnam:

475 4958 542 5012 18
587 4956 767 5011 finiret
815 4954 1026 5009 CNGA
1075 4954 1245 5008 linirit
1285 4951 1395 5007 FB
1570 4951 1897 5005 schariotem
1951 4961 2107 5015 (corr.
2166 4951 2258 5002 0112
2307 4947 2628 5015 schariotes)
2673 4946 2753 5001 M

472 5044 737 5099 scarioten
778 5043 826 5096 <J
856 5040 1191 5096 schariothe·
1227 5039 1291 5094 N
1320 5037 1615 5094 scariothes
1655 5037 1714 5089 X
1829 5037 1895 5092 19
1933 5039 2280 5106 pentecosten
2314 5032 2376 5087 N
2498 5033 2560 5089 21
2604 5033 2744 5089 rele-

473 5132 651 5201 gionis
684 5137 840 5196 (corr.
879 5131 992 5195 11⁸2)
1028 5128 1111 5198 M,
1134 5126 1286 5190 ΒΕΑ
1498 5125 1671 5180 ueteri
1706 5125 1767 5177 X
1959 5129 2088 5192 pos!
2125 5121 2239 5175 ueri
2273 5119 2484 5175 lacuna
2517 5119 2748 5175 sedecim

476 5219 578 5273 tm.
614 5233 907 5285 numquam
945 5215 1212 5283 iuscripta
1247 5212 1321 5267 M
1438 5214 1508 5266 22
1544 5212 1602 5265 iu
1637 5210 2010 5281 praeteritum]
2050 5208 2342 5277 praeterita
2378 5206 2445 5259 N
2551 5207 2621 5261 23
2660 5207 2751 5260 su·

473 5302 647 5373 turae]
683 5302 884 5370 figurae
922 5301 982 5354 X
