3275 6434
697 1410 977 1482 capesse-ro.
1346 1416 1412 1482 821

271 1607 415 1671 soonesri
438 1607 498 1686 sol,
517 1604 591 1689 quis
608 1605 682 1684 urit,
702 1609 760 1672 eut
776 1622 869 1689 sque,
887 1605 963 1689 quis
979 1602 1164 1690 infrigidet?
1182 1608 1240 1673 eut
1257 1605 1414 1691 numquid

270 1711 501 1776 remunerando
522 1713 573 1775 ost
594 1728 686 1793 sque
711 1709 786 1793 quis
808 1709 865 1776 siti
882 1708 1024 1776 sdleotos
1041 1709 1186 1788 homines
1203 1715 1336 1789 recreet,
1358 1712 1416 1778 uel

270 1816 420 1900 praemiis
445 1814 611 1882 udsseiotur
637 1816 697 1894 eol,
724 1815 799 1898 quin
825 1814 928 1882 refluit
953 1814 1097 1882 hominos
1124 1817 1228 1883 eslere
1254 1834 1313 1884 suo
1336 1822 1413 1901 post

270 1923 443 2007 frigorem?
464 1922 549 2006 qnod
572 1922 656 1987 onim
679 1925 809 1988 noturus
832 1938 910 1987 suso
932 1923 983 1986 est
999 1921 1132 2002 fuciunt,
1154 1921 1238 1987 unde
1259 1940 1319 1989 neo
1340 1941 1412 1989 oon·

239 2026 462 2093 edemnsntur
482 2044 540 2092 nso
562 2026 745 2101 inundentur:
769 2025 855 2091 uliud
879 2026 962 2090 enim
986 2025 1088 2092 iaoere
1110 2027 1266 2094 nesciunt

315 2134 347 2197 9.
369 2131 433 2198 Sed
456 2131 604 2214 quonium
627 2150 688 2198 non
709 2131 757 2196 its
778 2135 840 2206 ost,
863 2133 902 2197 ut
923 2131 1092 2197 sentiment
1113 2133 1277 2199 stellurum
1297 2151 1410 2218 speon·

269 2238 399 2314 luteres,
422 2237 502 2302 rutio
525 2240 655 2303 sotuum
677 2236 800 2320 probet.
824 2252 915 2303 nomo
940 2235 1024 2302 enim
1045 2236 1183 2303 inueniri
1210 2241 1328 2323 potest,
1355 2238 1417 2322 qni.

269 2342 350 2407 bene
372 2342 469 2408 ιιιιιι
498 2360 623 2425 semper
650 2345 707 2407 sut
732 2341 824 2408 mule.
847 2346 924 2407 tuno
945 2341 1027 2407 enim
1052 2342 1215 2409 uideretur
1235 2342 1283 2411 sie
1304 2347 1412 2421 nutus,

269 2456 308 2513 ut
334 2448 414 2513 bene
441 2452 559 2533 egeret,
581 2448 610 2512 si
631 2447 922 2531 inreprehensibilis
944 2451 1157 2530 permanerem
1185 2451 1219 2515 et
1243 2448 1291 2514 its
1316 2448 1412 2534 (ligne

224 2569 252 2614 ro
268 2553 500 2626 nestimnretnr,
523 2556 562 2620 ut
582 2557 669 2618 esset
689 2553 804 2627 ιιιιιι,
829 2553 856 2618 si
880 2552 912 2616 in
935 2569 973 2617 eo
992 2551 1120 2618 (turmot
1136 2555 1174 2618 ut
1190 2553 1273 2620 mule
1291 2554 1413 2621 lsoeret

268 2676 403 2741 semper.
415 2660 450 2722 ιιι
467 2676 540 2724 oum
559 2661 592 2723 et
608 2657 712 2735 illum,
731 2675 825 2741 quem
838 2658 956 2723 bonnm
970 2661 1066 2739 putus
1078 2661 1199 2727 ustum.
1215 2659 1408 2743 aliquotiens

267 2763 380 2828 uidens
411 2765 492 2828 mule
524 2781 617 2848 spere
644 2766 684 2845 et
703 2763 798 2837 hune,
826 2781 919 2845 quem
947 2761 1065 2829 mulum
1093 2767 1202 2829 netum
1228 2763 1320 2842 dieis,
1346 2783 1408 2832 uon

269 2885 442 2952 nnmquum
466 2887 575 2934 cernes
597 2869 701 2934 funere
719 2868 848 2945 bonum,
871 2886 934 2951 qno
957 2866 1051 2934 modo
1074 2867 1135 2933 hoo
1152 2886 1265 2934 uerum
1282 2869 1408 2954 probes,

269 2978 308 3040 ut
329 2974 434 3039 muns
456 2974 559 3039 mulus
582 2975 626 3041 sit
648 2979 680 3040 et
705 2973 806 3040 bonus
830 2973 943 3052 tonus,
961 2974 1029 3039 nisi
1042 2974 1117 3057 quis
1134 2973 1195 3040 hoo
1216 2975 1321 3060 mepis
1343 2993 1408 3041 oer-

221 3097 251 3143 1e
267 3080 431 3145 tissimum
446 3082 506 3157 est,
522 3081 606 3162 quis
620 3079 676 3145 ubi
691 3079 829 3145 mimum
846 3080 918 3162 quis
932 3077 1063 3157 dederit,
1077 3079 1109 3145 in
1124 3097 1162 3146 oo
1175 3079 1322 3162 prefiniti
1335 3099 1407 3147 num

268 3190 303 3250 et
326 3204 438 3250 censae
464 3187 550 3263 eunt,
578 3203 658 3269 quse
686 3189 836 3272 generunt
861 3187 1001 3267 noneste,
1035 3189 1073 3250 ιι
1100 3189 1157 3250 ιιι
1183 3185 1326 3252 iuuideet
1351 3189 1408 3253 sut

266 3291 378 3375 litiget
398 3295 454 3358 unt
475 3291 624 3356 inimicus
648 3292 771 3356 existet

317 3397 366 3461 10.
392 3397 453 3461 llis
475 3401 592 3473 nutem,
616 3414 696 3479 quse
719 3395 826 3479 elego
848 3395 1063 3477 prohibentur,
1085 3414 1146 3461 non
1173 3396 1276 3480 pulum
1304 3414 1408 3481 neque

266 3501 446 3576 manifeste,
473 3499 530 3566 sed
553 3501 678 3566 occulte
701 3501 884 3566 ndmittunt.
912 3519 1019 3584 quere,
1041 3501 1104 3567 nisi
1126 3501 1202 3585 quie
1223 3506 1408 3569 renotentur

216 3628 249 3670 sn
267 3607 395 3691 legem?
413 3605 461 3670 sin
485 3625 571 3682 uero,
594 3607 641 3671 itu
663 3611 700 3671 ut
721 3605 880 3679 adserunt,
899 3606 939 3670 sd
963 3604 1023 3671 hoe
1045 3607 1111 3672 neti
1134 3611 1242 3674 meent
1263 3612 1301 3673 ut
1322 3608 1406 3674 mele

265 3713 415 3786 fenerent,
438 3729 497 3776 nnn
521 3715 708 3793 qusererent
727 3711 862 3776 latibula
883 3729 985 3794 neque
1007 3712 1147 3794 aliquem
1172 3713 1235 3798 legi
1259 3731 1404 3779 reueren-

265 3818 344 3881 tisrn
368 3815 559 3892 exhiberent,
583 3817 639 3881 sed
663 3817 782 3900 passim
805 3836 843 3881 eu
864 3818 1011 3891 lucerent,
1038 3836 1118 3900 quse
1136 3820 1266 3902 ongeret
1282 3821 1404 3884 nature„

265 3920 323 3985 sed
350 3940 423 3986 oum
453 3921 562 3987 uidens
589 3923 748 4005 prooururi
774 3923 914 4003 ponentis
941 3925 974 3987 et
1000 3923 1168 4007 excogitent
1196 3922 1251 3987 ubi
1278 3923 1406 4006 possint

264 4029 399 4092 Ιιιοιιοι
422 4026 548 4092 sumiti
575 4061 618 4074 -
648 4032 684 4092 et
703 4027 773 4092 loos
794 4027 878 4093 enim
901 4031 935 4092 et
956 4044 1107 4109 personne
1130 4032 1165 4092 et
1185 4029 1329 4110 umpore
1346 4028 1403 4091 eli·

215 4155 247 4200 ιι
264 4134 355 4216 gunt,
379 4136 415 4197 ιι
438 4131 514 4196 muli
536 4133 691 4217 propositi
711 4132 865 4216 impleant
886 4133 1085 4198 uoluntatem
1113 4167 1166 4209 -‚
1190 4131 1290 4215 simili
1308 4133 1403 4199 modo

263 4238 360 4302 etism
384 4237 459 4303 boni
482 4237 600 4302 iudioio
624 4236 760 4320 quodum
785 4237 867 4302 bonu
889 4255 983 4320 opere
1003 4255 1064 4302 suu
1084 4238 1268 4315 deoernunt,
1285 4240 1330 4303 ut
1346 4257 1402 4322 pro

215 4393 222 4410 ’
301 4393 314 4446 1
337 4392 401 4463 quie
414 4391 470 4462 pn]
490 4394 538 4446 eut
556 4392 621 4461 quin
637 4391 669 4445 X
754 4393 802 4447 ent
818 4407 860 4460 pr.
879 4408 931 4447 oet
950 4392 982 4447 Χ
1069 4391 1115 4462 qui
1136 4390 1161 4447 0
1205 4389 1405 4447 lsdleetueo

263 4481 282 4535 3
301 4482 436 4552 praemiis]
454 4497 517 4552 pree
536 4479 568 4534 X
668 4478 828 4535 educeretur
844 4484 924 4546 (porr.
942 4479 1106 4549 edfleiretur)
1123 4480 1158 4534 Μ
1258 4480 1355 4535 ιιιιοίι
1372 4479 1405 4534 Χ

262 4571 358 4640 tneo]
378 4586 497 4624 necnon
516 4568 544 4622 P
604 4568 808 4637 Gis)estiment
825 4568 858 4622 Χ
913 4569 1036 4622 lectum
1057 4566 1142 4623 clix
1214 4566 1337 4622 inuenire
1354 4567 1399 4637 11,

263 4662 356 4726 (corr.)
376 4658 400 4712 0
460 4659 476 4713 9
496 4657 534 4728 et]
552 4657 617 4712 tirso
633 4671 731 4711 rursm
748 4656 778 4710 F
793 4657 891 4726 sucipit
946 4656 979 4710 10
996 4660 1027 4709 ut
1044 4655 1115 4710 mule
1131 4655 1234 4710 teneret
1252 4671 1304 4710 oss.
1321 4654 1401 4724 (add.

261 4762 284 4800 s.
303 4747 331 4810 l,
348 4746 398 4800 sed
411 4752 476 4814 poet
493 4747 677 4813 estimaretur)
693 4745 728 4799 Μ
782 4745 812 4799 ll
834 4742 868 4798 nd
890 4743 914 4798 0
974 4742 1142 4814 querulosus
1164 4741 1238 4806 GN
1251 4745 1353 4812 (eorm),
1371 4743 1403 4798 X

264 4835 298 4889 lo
310 4833 435 4888 inuideat
448 4835 506 4904 sut]
521 4831 625 4887 inuidis
637 4833 678 4887 its
691 4837 723 4886 ut
733 4831 815 4887 ONX
825 4835 907 4900 (corr.
917 4832 953 4896 Δ)
990 4831 1023 4887 21
1039 4831 1210 4902 quererent]
1224 4830 1277 4886 too
1286 4831 1400 4888 mou·

260 4909 473 4990 ιιιιωιίοιῖιιιι
491 4920 588 4976 mdiu
604 4922 636 4975 ie
654 4920 799 4988 srdletypo
811 4919 975 4988 pertertare
990 4925 1142 4988 mur
1158 4918 1239 4976 iol
1253 4919 1341 4974 mee
1358 4919 1400 4973 ln·

260 5011 359 5064 mutsri
378 5015 494 5079 negetur
512 5014 563 5064 etc.
582 5013 625 5078 (p.
638 5010 706 5076 3⁴6,
721 5011 750 5072 3)
762 5012 788 5061 el
800 5023 872 5076 pune
890 5007 941 5062 too
958 5008 1017 5062 loen
1034 5008 1199 5062 ιιιιιιιιιιιιιι
1211 5012 1312 5076 postes
1327 5006 1401 5061 leur

259 5098 347 5152 uerte
365 5113 445 5167 quem
463 5103 489 5151 et
507 5096 620 5151 rstionie
638 5099 679 5164 (p.
695 5097 763 5161 357,
777 5097 823 5164 17)
842 5095 970 5164 lqueter
1021 5094 1077 5165 legi
1090 5111 1142 5150 on.
1156 5095 1184 5149 P
1218 5095 1254 5149 ἥ
1268 5095 1399 5160 teserem!

259 5202 312 5240 non
331 5188 494 5257 queererent
511 5184 629 5240 letitule
645 5199 732 5254 nequo
749 5182 868 5252 aliquem
891 5182 947 5252 legi
970 5184 1147 5238 reneoentiem
1170 5181 1330 5238 exninemt
1350 5179 1398 5236 ιιι

258 5275 357 5344 puesirn
373 5289 408 5328 ee
424 5272 546 5327 lucerent
564 5272 653 5326 dorsuo
672 5269 737 5325 add.
752 5270 779 5324 P
831 5269 865 5325 23
883 5275 996 5341 possent
1008 5271 1039 5324 Χ
1089 5271 1125 5325 lt
1143 5274 1173 5325 οι
1185 5285 1231 5342 pr.
1248 5270 1282 5325 eit
1296 5285 1355 5327 m.
1374 5267 1400 5324 0

282 5398 308 5444 1..
324 5397 435 5445 Padus.
450 5395 543 5444 une-e.
559 5400 610 5436 leet.
1327 5373 1362 5431 Π
