3275 6434
895 647 2837 1104 —

467 1450 598 1518 808
1255 1443 1457 1500 Liber
1490 1441 1954 1514 quaestionum

466 1639 620 1708 deos
665 1638 944 1722 deasque
985 1642 1384 1704 uenerantur.
1428 1638 1869 1722 procuratores
1914 1635 2080 1701 enim
2128 1638 2196 1701 et
2238 1637 2492 1701 actores
2531 1634 2746 1700 mundi

466 1745 707 1813 domini
752 1750 821 1812 et
860 1744 965 1810 dei
1008 1744 1261 1810 nomine
1306 1744 1770 1826 nuncuparunt,
1806 1759 1954 1807 cum
1987 1740 2306 1825 inprouidi
2354 1740 2745 1826 detegantur.

466 1840 651 1918 illnd'
675 1855 889 1918 autem
935 1868 1236 1927 asserere,
1283 1848 1454 1932 quod
1498 1847 1843 1933 perniciem
1896 1846 2120 1930 pariat,
2174 1846 2495 1932 inprouidi
2543 1850 2644 1912 est
2685 1852 2748 1911 et

467 1956 675 2033 stulti,
723 1957 1016 2040 quoniam
1060 1973 1321 2022 neeesse
1367 1956 1469 2019 est
1511 1953 1700 2019 deum
1745 1951 2039 2018 iniuriam
2088 1970 2268 2018 suam
2316 1950 2642 2018 uindicare
2684 1952 2742 2018 in

467 2081 600 2139 eos,
630 2062 739 2145 qui
776 2060 1100 2128 conseruis
1137 2060 1272 2126 suis
1310 2058 1549 2125 domini
1587 2059 1689 2123 dei
1726 2076 1950 2124 nomen
1980 2061 2043 2124 et
2074 2057 2340 2142 gloriam
2378 2058 2742 2142 partierunt.
2790 2076 2810 2121 s

561 2168 662 2233 ll.
709 2166 952 2232 Dehinc
989 2164 1466 2232 considerentur
1501 2170 1851 2248 praecepta.
1895 2163 1996 2230 lex
2032 2170 2267 2245 nostra,
2306 2181 2473 2246 qnos
2511 2162 2740 2228 stultos

469 2276 721 2350 uocant,
756 2271 1094 2339 antestites
1139 2275 1207 2336 et
1248 2271 1575 2337 ministros
1612 2268 1751 2335 sine
1786 2268 2049 2336 crimine
2085 2272 2342 2335 sanctos
2379 2272 2449 2335 et
2484 2269 2742 2352 inrepre-

469 2378 813 2444 hensibiles
866 2376 1176 2463 praecipit
1227 2374 1527 2451 ordinari;
1575 2395 1609 2441 e
1658 2379 1875 2442 contra
1916 2378 2131 2441 autem
2184 2393 2581 2461 paganorum
2626 2379 2739 2441 tra·

469 2481 626 2549 ditio
671 2483 1005 2551 antestites
1052 2485 1117 2548 et
1159 2481 1486 2548 ministros
1534 2482 1795 2547 idoneos
1842 2481 1963 2548 sibi
2011 2499 2154 2548 esse
2199 2500 2320 2548 non
2367 2498 2583 2564 posse,
2626 2481 2738 2547 nisi

470 2608 544 2656 ex
605 2589 764 2655 uiris
822 2587 1350 2674 transfigurentur
1410 2587 1474 2652 in
1539 2587 1826 2662 feminas,
1900 2592 1976 2651 ut
2036 2586 2298 2653 licenter
2363 2591 2431 2652 st
2494 2587 2739 2672 publice
2764 2605 2801 2648 ιο

469 2693 804 2763 muliebria
863 2695 1187 2777 patiantur
1249 2696 1314 2759 st
1378 2691 1690 2759 discussis
1755 2691 1818 2756 in
1867 2710 2032 2775 aqua
2082 2691 2416 2758 inhoneste
2472 2691 2739 2757 crinibus

467 2799 725 2868 mollem
773 2803 1265 2884 quassatamqus
1311 2817 1535 2865 uocem
1581 2802 1648 2863 et
1691 2802 1943 2881 turpem
1980 2797 2296 2865 emittant.
2332 2798 2507 2882 quod
2544 2798 2601 2864 si
2637 2816 2740 2881 pu·

467 2905 637 2972 blice
690 2905 985 2980 facerent,
1040 2904 1119 2970 ab
1175 2903 1344 2969 omni
1402 2904 1636 2988 populo
1693 2903 2139 2988 lapidarentur.
2201 2909 2268 2970 et
2331 2903 2739 2988 Cynocefalus

467 3012 600 3090 ille,
646 3012 753 3094 qui
807 3010 1216 3077 nutabundus
1272 3029 1382 3094 per
1436 3011 1649 3074 omnia
1706 3029 1774 3075 se
1835 3010 2198 3076 circumfert
2249 3010 2389 3077 loca
2444 3029 2739 3094 quaerens

468 3118 751 3184 membra
795 3116 1064 3184 adulteri
1099 3116 1324 3194 Osiris,
1365 3117 1487 3182 uiri
1522 3116 1748 3182 Isidist
1794 3136 1940 3183 ecce
1977 3116 2210 3198 quibus
2255 3117 2571 3182 ministris
2610 3117 2738 3182 siue
2766 3134 2806 3177 ιε

467 3223 792 3309 magistris
837 3223 1070 3309 pagani
1114 3223 1487 3307 prudentiae
1535 3223 1655 3290 sibi
1707 3241 1931 3287 nomen
1987 3221 2372 3299 adsciscunt,
2430 3241 2578 3288 cum
2630 3241 2739 3288 non

470 3330 681 3396 solum
725 3329 1159 3414 inprudentiae
1204 3329 1311 3403 sit,
1357 3329 1472 3395 sed
1509 3333 1574 3394 et
1618 3328 1931 3395 criminis!
1970 3328 2244 3395 obscena
2287 3329 2455 3394 enim
2503 3332 2569 3394 et
2613 3347 2741 3412 pro·

471 3435 663 3502 bross
725 3435 990 3520 diligere
1054 3435 1379 3501 funestum
1446 3438 1565 3501 est.
1639 3433 1803 3500 illud
1866 3438 2078 3500 antem
2143 3434 2330 3518 quale
2394 3438 2515 3512 est,
2582 3433 2738 3518 qnod

469 3541 534 3607 in
574 3542 790 3625 speleo
836 3540 1065 3606 uelatis
1113 3541 1317 3607 oculis
1364 3540 1781 3606 inludantur?
1827 3560 1906 3606 ne
1944 3542 2113 3607 enim
2149 3541 2447 3607 horreant
2481 3541 2742 3624 turpiter

471 3646 874 3713 dehonestari
917 3665 1008 3725 se,
1055 3647 1223 3712 oculi
1269 3646 1399 3712 illis
1445 3647 1758 3711 uelantur.
1806 3647 1914 3711 alii
1960 3650 2172 3712 sutem
2219 3648 2390 3713 sicut
2435 3647 2569 3712 ales
2617 3647 2739 3712 alas
2766 3663 2810 3706 s>

470 3752 835 3836 percutiunt
892 3769 1117 3818 uocem
1165 3753 1411 3829 ‚coracis
1455 3751 1806 3828 imitantem
1855 3752 2038 3818 alteri
2083 3771 2234 3819 uero
2272 3753 2530 3818 leonum
2576 3772 2741 3819 more

470 3856 774 3935 fremunt3
828 3857 938 3922 alii
983 3860 1194 3923 autem
1238 3857 1460 3942 ligatis
1506 3858 1796 3925 manibus
1840 3858 2163 3925 intestinis
2207 3858 2474 3942 pullinis
2524 3859 2740 3944 proici·

469 3968 664 4029 untur
705 3982 896 4047 super
937 3963 1158 4030 foueas
1195 3982 1357 4046 aqua
1401 3965 1617 4048 plenas
1664 3964 1999 4031 accedente
2036 3963 2307 4048 quodam
2347 3983 2493 4030 cum
2537 3965 2740 4050 gladio

471 4072 537 4133 st
561 4070 957 4153 inrumpente
985 4069 1285 4136 intestina
1312 4088 1504 4154 supra
1530 4069 1718 4149 dieta,
1759 4072 1867 4154 qui
1905 4090 1973 4137 se
2010 4071 2409 4138 liberatorem
2451 4070 2738 4154 appellet.

649 4312 681 4367 7
721 4311 789 4366 cr.
826 4310 853 4365 1
888 4310 1025 4365 Tim.
1063 4311 1114 4381 s,
1151 4313 1201 4367 2.
1227 4313 1310 4368 ιο.
1346 4313 1455 4367 rit.
1502 4315 1547 4381 1,
1585 4314 1616 4366 7

547 4436 572 4489 1
611 4439 850 4489 aee-tom
884 4433 950 4488 N
980 4438 1225 4490 auctores
1267 4433 1336 4497 0,
1373 4437 1431 4496 (u
1468 4440 1613 4505 exp.)
1646 4436 1700 4491 Δ
1835 4437 1870 4490 2
1907 4440 2281 4505 nuncuparent
2319 4435 2370 4491 0
2511 4452 2633 4490 cum
2670 4436 2740 4489 in·

468 4539 618 4594 prou.
657 4521 837 4593 deteg.
862 4521 1001 4578 illud
1028 4526 1207 4578 autem
1240 4538 1478 4579 asserere
1508 4523 1652 4593 qnod
1680 4540 1827 4594 pern.
1857 4524 2052 4594 pariat]
2084 4541 2207 4580 ecce
2235 4525 2331 4594 qui
2358 4540 2420 4579 se
2451 4524 2739 4592 prudentes

470 4610 750 4680 appellant
786 4627 902 4667 curn
942 4611 996 4664 P
1150 4611 1448 4682 inprouidi]
1486 4613 1697 4681 inproni
1735 4611 1810 4668 M
1980 4615 2014 4667 6
2052 4617 2238 4667 nostra
2273 4613 2357 4667 lex
2397 4614 2665 4683 praecipit
2697 4611 2745 4666 Ρ

471 4714 577 4769 quo
610 4697 657 4753 Ο
724 4701 755 4753 7
793 4700 1091 4771 ministros]
1122 4700 1252 4755 add.
1291 4700 1514 4755 idoneos
1539 4701 1603 4754 X
1707 4701 2237 4770 inrepraehensibilis
2269 4701 2317 4755 0
2385 4703 2420 4757 8
2458 4702 2740 4774 praecipit]

469 4803 574 4842 ons.
612 4786 668 4841 P
697 4789 975 4859 praecepit
1006 4787 1151 4856 Mo,
1171 4789 1223 4841 Δ
1262 4789 1448 4854 (σου.)
1625 4788 1674 4859 e]
1716 4793 1774 4842 et
1807 4788 1893 4856 Μ,
1915 4789 1976 4842 Ν
2004 4795 2165 4854 (corr.
2202 4792 2320 4857 m2)
2479 4791 2550 4846 18
2581 4792 2742 4846 aino·

469 4875 727 4946 uptun·
765 4875 816 4933 o
922 4877 988 4932 ιι
1023 4875 1368 4932 nat-bandus
1409 4875 1459 4931 σ
1490 4877 1857 4933 mutabundu-
1897 4877 2005 4934 GA
2144 4859 2264 4934 1600
2302 4876 2377 4933 u
2495 4881 2562 4935 15
2598 4878 2742 4934 asul-

469 4964 609 5020 torio
660 4963 785 5020 siris
836 4964 998 5035 (syris
1055 4962 1186 5033 GA)
1238 4962 1464 5019 PCNX
1713 4966 1780 5020 16
1834 4967 2129 5036 magistris]
2184 4968 2464 5037 magistris
2522 4971 2656 5038 puta
2696 4966 2745 5021 P

469 5053 753 5122 megi-en·
790 5055 972 5122 (corr.)
1005 5052 1054 5110 0
1156 5051 1489 5110 adscisciunt
1513 5054 1570 5110 Ρ
1603 5053 1986 5111 adadsciscunt
2024 5054 2168 5118 &N
2195 5058 2395 5124 (corn).
2434 5055 2500 5111 X
2574 5057 2634 5112 17
2663 5057 2738 5110 in·

469 5137 809 5211 prudentiae]
846 5157 955 5196 non
990 5140 1311 5210 prudentiae
1352 5140 1514 5198 CNx
1663 5143 1735 5200 20
1773 5144 1915 5199 oculi
1952 5143 2086 5215 illis]
2125 5144 2338 5200 ocnillis
2377 5146 2545 5208 (σω.
2583 5146 2645 5211 il)
2679 5144 2745 5200 u

469 5227 645 5284 oeulis
677 5228 789 5283 illis
825 5229 888 5286 X
1009 5230 1076 5285 ²1
1117 5246 1332 5286 coraces
1373 5231 1481 5286 CX
1618 5232 1899 5288 imitantes
1937 5239 2053 5302 (pr.
2089 5233 2109 5287 i
2147 5234 2308 5299 ems.)
2349 5231 2401 5288 0
2519 5233 2591 5290 22
2623 5251 2736 5306 pro·

469 5315 688 5372 icantur
719 5316 796 5372 Π
823 5317 1159 5389 proiciantur
1192 5317 1257 5373 X
