3275 6434
639 1496 767 1561 180
1429 1492 1624 1550 Liber
1660 1492 2125 1564 quaestionum

636 1688 772 1751 erat
785 1685 1112 1764 Pathmos‚
1138 1685 1455 1771 relegatus
1487 1703 1524 1750 a
1550 1684 1913 1750 Domitiano
1940 1685 2315 1769 imperatore
2344 1683 2490 1750 fidei
2517 1702 2728 1750 causa.
2756 1689 2908 1748 tnnc

636 1791 763 1858 t'nit
794 1791 857 1855 in
895 1789 1144 1874 spiritu,
1183 1793 1257 1855 nt
1291 1792 1513 1874 posset
1543 1788 1759 1854 uidere
1796 1788 2115 1854 caelestia.
2154 1792 2220 1854 et
2245 1789 2397 1854 dum
2435 1789 2590 1854 haec
2616 1788 2676 1853 ei
2704 1793 2909 1854 osten·

636 1895 889 1974 duntur,
919 1913 1078 1977 quae
1105 1895 1318 1960 futura
1348 1897 1497 1960 sunt
1518 1911 1717 1964 ,causa
1741 1893 2090 1976 impietatis
2118 1897 2186 1958 et
2209 1893 2418 1976 stupri
2444 1896 2509 1958 et
2535 1898 2912 1959 ceterorum.

637 2000 826 2067 datus
870 2003 973 2066 est
1014 1999 1106 2064 illi
1150 1999 1313 2065 liber
1356 2000 1464 2081 qui
1512 1998 1716 2064 dulcis
1763 1997 2013 2081 quidem
2061 2002 2232 2064 esset
2275 1998 2336 2063 in
2394 2016 2521 2075 ore,
2576 1997 2689 2064 sed
2743 2016 2913 2062 ama·

636 2126 775 2173 rum
821 2106 1050 2172 faceret
1098 2109 1403 2184 uentrem,
1461 2109 1535 2170 ut
1588 2123 1659 2169 ex
1715 2105 1814 2170 his
1877 2105 1985 2188 qui
2038 2104 2337 2172 uidentur
2389 2104 2578 2169 unius
2632 2103 2915 2187 corporis
2963 2126 3003 2166 e·

639 2231 780 2279 esse
824 2213 1132 2290 homines,
1190 2212 1333 2277 istis
1390 2210 1593 2277 dulcis
1649 2215 1842 2286 esset,
1912 2211 2021 2294 qni
2075 2215 2330 2296 propter
2400 2209 2565 2293 quod
2627 2211 2916 2294 integrae

638 2319 1051 2402 professionis
1096 2321 1266 2397 sunt,
1312 2318 1374 2382 in
1422 2335 1527 2384 ore
1573 2316 1914 2402 significati
1959 2321 2222 2384 sunt—
2249 2317 2371 2383 hoc
2406 2316 2572 2382 enim
2620 2316 2805 2381 dulce
2850 2315 2913 2379 in

638 2443 746 2489 ore
782 2428 899 2502 est,
939 2423 1108 2506 qnod
1154 2443 1374 2490 uerum
1422 2426 1523 2489 est
1557 2458 1665 2500 -‚
1702 2423 1833 2488 illis
1871 2427 2082 2488 antem
2120 2423 2233 2506 qni
2278 2422 2560 2488 heretica
2599 2421 2916 2505 pronitate

639 2529 972 2596 carnaliter
1052 2530 1285 2595 uiuunt
1354 2529 1457 2594 nel
1523 2530 1827 2606 sentiunt,
1891 2533 2147 2612 propter
2210 2528 2378 2611 quod
2441 2531 2506 2593 et
2566 2527 2630 2592 in
2692 2529 2916 2593 uentre

638 2634 977 2721 significati
1022 2638 1192 2714 sunt,
1238 2652 1508 2701 amarus.
1554 2634 1884 2701 accusabit
1925 2635 2093 2701 enim
2138 2651 2247 2700 eos
2292 2635 2355 2699 in
2396 2632 2495 2699 die
2530 2632 2755 2698 iudicii
2790 2631 2916 2697 dei.
2954 2652 3007 2695 1⁰

639 2744 788 2826 post
829 2741 1277 2807 reuelationem
1326 2759 1474 2825 ergo
1519 2739 1915 2825 euangelium
1955 2741 2172 2806 iussus
2210 2743 2311 2806 est
2346 2739 2617 2806 scribere
2660 2741 2921 2823 propter

639 2846 796 2912 haec
876 2864 1037 2928 quae
1110 2863 1301 2928 supra
1381 2844 1673 2911 diximus.
1748 2850 1813 2910 et
1883 2845 2201 2911 Ezechieli
2270 2845 2549 2928 profetae
2621 2844 2922 2910 similiter

640 2951 882 3017 dictum
930 2955 1048 3029 est,
1097 2955 1169 3017 nt
1213 2951 1523 3035 acciperet
1564 2950 1798 3016 librum
1845 2951 1954 3034 qni
2001 2955 2173 3017 esset
2216 2948 2421 3016 dulcis
2476 2950 2537 3015 in
2596 2968 2701 3015 ore
2751 2949 2915 3025 eius,

639 3056 887 3142 qnando
932 3056 1255 3141 perfidiam
1302 3057 1522 3142 populi
1565 3056 1802 3123 missus
1838 3061 1939 3122 est
1981 3057 2316 3140 increpare.

640 3245 933 3312 LXXVII
977 3245 1320 3335 (LXXIII).
1376 3246 1581 3329 QUID
1627 3246 1781 3314 EST
1830 3244 2060 3327 QUOD
2117 3245 2462 3314 SYMEON
2520 3247 2744 3315 chl'r
2798 3245 2916 3312 AD
2955 3260 3015 3302 1⁵

639 3349 983 3418 MARIAM
1035 3351 1395 3419 ΜΔΤΒΕΜ
1449 3350 1762 3419 DOMINI
1814 3351 2073 3417 INTER.
2127 3351 2478 3418 CETERA:
2542 3350 2917 3418 ‘POSITUS

639 3453 837 3535 EST:
879 3455 1198 3539 INQUIT‚
1245 3457 1411 3525 ‹ch
1457 3456 1547 3523 lN
1601 3455 1939 3524 RUINAM
1992 3457 2097 3523 ΕΤ
2151 3456 2917 3525 ΒΕΒΠΒΒΕΟΤΙΟΝΕΜ

638 3560 1116 3630 ΜΠΒΤΟΒΠΠ
1177 3563 1268 3629 IN
1323 3561 1709 3642 ISRAHEL3
1769 3563 1875 3629 ET
1939 3562 2179 3630 TUAM
2232 3560 2504 3630 IPSIUS
2566 3561 2918 3628 ANIMAM

640 3665 1245 3736 ΡΕΒΤΒΑΝΒῙΒῙΤ
1285 3667 1674 3749 GLADIUS,
1705 3669 1813 3735 UT
1841 3668 2401 3737 REUELENTUR
2436 3667 2918 3735 MULTORUM

1217 3772 1603 3840 CORDIUM
1650 3772 2330 3841 COGI'I'ATIONES'?
2954 3790 3011 3834 a·

732 3915 789 3977 1.
845 3913 1112 3998 Symeon
1196 3914 1295 3979 nir
1348 3918 1607 3980 sanctus
1680 3919 1746 3981 et
1806 3915 2041 3982 diuinis
2114 3916 2385 3981 oraculis
2440 3915 2919 3981 commendatus

638 4037 751 4104 per
795 4020 1085 4105 spiritum
1132 4022 1418 4086 sanctum
1454 4020 1714 4087 locntns
1759 4023 1861 4088 est
1903 4021 2052 4107 qnid
2097 4020 2387 4087 futurum
2434 4024 2606 4087 esset
2648 4021 2922 4086 homini-

637 4124 759 4190 bus
806 4143 878 4190 ex
923 4142 1114 4191 cansa
1159 4126 1416 4205 Christi,
1462 4130 1538 4191 ut
1580 4126 1761 4192 ruina
1811 4126 1911 4193 his
1959 4130 2149 4205 esset,
2198 4128 2307 4210 qni
2363 4145 2505 4193 cnm
2562 4127 2684 4193 sibi
2745 4127 2923 4193 uide·

638 4234 853 4296 rentur
913 4235 1079 4296 stare
1142 4250 1253 4317 per
1314 4232 1779 4298 obser-nuntiam
1847 4236 1912 4297 et
1959 4234 2251 4317 peritiam
2316 4233 2502 4317 legis,
2568 4232 2921 4299 diffidentia

637 4340 848 4401 tamen
882 4354 1140 4418 operum
1171 4335 1406 4402 Christi
1449 4337 1741 4402 caderent
1772 4337 2070 4402 dissoluti
2110 4359 2145 4403 a
2183 4339 2598 4421 promissione
2636 4341 2915 4421 patrum.
2953 4356 3007 4398 25

822 4540 844 4592 1
885 4537 955 4596 cs.
993 4539 1160 4608 Apoc.
1201 4541 1247 4602 1,
1291 4539 1354 4594 10
1469 4542 1532 4594 13
1570 4539 1637 4595 cf.
1677 4539 1868 4597 Erech.
1908 4543 1959 4606 3,
1997 4542 2029 4593 3
2142 4542 2205 4594 16
2243 4542 2367 4596 Luc.
2395 4542 2458 4607 2,
2497 4540 2584 4594 84.
2623 4545 2694 4597 35

376 4664 486 4736 dff-
506 4665 614 4722 PG
716 4663 738 4715 1
771 4660 1021 4731 phatmos
1054 4661 1221 4716 CNX
1323 4662 1586 4733 religatus
1619 4663 1783 4718 CNx
1886 4663 2189 4719 domiciano
2223 4665 2376 4720 CAR
2446 4667 2479 4720 3
2509 4668 2567 4721 et
2596 4667 2722 4735 οη]
2756 4671 2837 4721 .et
2863 4667 2923 4721 N

639 4748 675 4801 4
713 4751 878 4820 esset]
917 4754 1034 4804 erat
1068 4750 1132 4805 N
1233 4753 1264 4804 5
1305 4751 1420 4821 qni]
1460 4767 1596 4821 quae
1633 4750 1698 4805 N
1798 4754 1832 4806 6
1869 4751 2176 4807 hominibus
2216 4753 2265 4806 C
2295 4753 2527 4809 hominis
2564 4754 2626 4808 N
2725 4757 2757 4810 7
2796 4773 2922 4827 pro-

640 4835 902 4892 fessiones
930 4837 993 4891 Ν
1059 4838 1093 4892 8
1120 4838 1267 4893 illius
1302 4841 1487 4906 (corr.)
1510 4839 1583 4893 M
1650 4841 1685 4893 9
1722 4845 1780 4893 et
1814 4856 1917 4896 om.
1944 4838 2011 4894 N
2079 4840 2146 4896 10
2183 4857 2417 4895 mierum
2455 4844 2614 4909 (corr.
2654 4844 2846 4910 amari)
2879 4847 2926 4897 (5

642 4926 947 4981 accusauit
984 4928 1033 4980 C
1157 4929 1222 4982 12
1258 4927 1434 4982 dimus
1469 4927 1544 4982 M
1699 4929 1921 4984 czechssi
1957 4929 2113 4996 (aad.
2153 4946 2183 4985 e
2216 4947 2261 4986 e.
2289 4946 2382 5000 pr.
2418 4931 2460 4997 i)
2498 4931 2570 4985 M
2598 4932 2837 4987 ezecheli
2878 4934 2927 4987 G

641 5011 934 5068 ezechiheli
969 5013 1193 5080 (chiheli
1229 5015 1291 5068 in
1325 5018 1464 5083 rae.)
1501 5015 1560 5070 Ν
1595 5014 1828 5071 ezechiel
1868 5016 1919 5069 Δ
2037 5018 2099 5072 13
2137 5017 2223 5088 nt]
2261 5017 2343 5072 ait
2381 5019 2427 5071 G
2567 5019 2681 5073 eius
2719 5034 2824 5075 om.
2862 5017 2930 5072 Ν

645 5101 712 5157 15
747 5098 976 5155 LXXIII
1010 5100 1132 5157 edd.
1323 5104 1388 5158 17
1425 5104 1515 5158 hic
1551 5119 1652 5159 om.
1692 5103 1764 5158 M
1951 5105 2003 5158 in
2044 5110 2174 5161 ante
2208 5106 2651 5161 resurrectionem
2690 5107 2826 5163 add.
2862 5107 2930 5162 Ν

647 5188 712 5243 19
747 5190 1098 5261 pertransinit
1137 5190 1187 5245 C
1360 5191 1649 5247 multorum
1686 5207 1789 5247 οηι.
1818 5190 1893 5245 Μ
2009 5192 2080 5246 22
2116 5192 2354 5248 futurum
2390 5196 2446 5261 (u
2478 5210 2569 5265 pr.
2606 5195 2664 5249 in
2704 5198 2840 5266 ras.)
2879 5197 2931 5249 U

643 5275 714 5330 23
749 5281 814 5330 nt
847 5275 1281 5333 ruina-Christi
1306 5294 1407 5333 om.
1435 5276 1502 5332 N
1655 5279 1762 5348 his]
1800 5278 1889 5333 hic
1928 5280 1987 5332 Χ
2020 5284 2175 5347 (corr.
2215 5281 2383 5348 ΛΜΞ)
2559 5282 2631 5336 24
2669 5281 2924 5338 diffiden-

642 5363 776 5417 tiam
814 5364 888 5416 M
989 5366 1059 5419 25
1094 5365 1328 5421 desoluti
1368 5365 1476 5420 CN
