3275 6434
467 1476 598 1541 274
1257 1471 1457 1526 Liber
1492 1472 1951 1542 quaestionum

465 1664 569 1731 dei
613 1664 1002 1731 ordinatione
1046 1663 1584 1740 adseuerauimus‚
1644 1662 1833 1727 etiam
1891 1679 2107 1728 eorum
2162 1662 2273 1745 qui
2327 1666 2502 1729 extra
2551 1666 2742 1730 eccle·

466 1771 628 1838 siam
682 1770 789 1837 uel
842 1774 1058 1836 contra
1119 1768 1451 1834 ecclesiam
1506 1767 1692 1834 sedes
1754 1768 1878 1834 sibi
1931 1769 2366 1847 instituerunt,
2427 1771 2743 1836 catedram

467 1876 864 1960 pestilentiae
912 1893 1050 1940 esse
1089 1871 1381 1943 dicimus.
1425 1873 1534 1956 qui
1578 1873 1746 1939 enim
1789 1875 2159 1942 inconcessa
2192 1877 2569 1959 praesumit,
2604 1894 2744 1944 reus

469 1985 595 2048 est:
617 1985 851 2065 quanto
884 1981 1085 2064 magis
1121 1979 1180 2045 si
1215 1983 1280 2045 ot
1314 1982 1677 2063 corrumpat
1701 1979 2102 2045 traditionem
2130 1981 2289 2058 eius,
2317 1981 2507 2047 cuius
2534 1981 2745 2049 sedem

371 2153 373 2157 ,
468 2089 765 2171 usurpat!
814 2104 956 2151 nam
1000 2089 1066 2151 et
1101 2084 1382 2150 ordinem
1423 2085 1501 2150 ab
1539 2086 1828 2168 apostolo
1867 2086 2051 2152 Petro
2089 2090 2383 2169 coeptum
2432 2091 2504 2154 et
2544 2107 2747 2173 usque
2796 2105 2820 2149 s

470 2193 551 2260 ad
595 2194 715 2260 hoc
762 2197 1013 2276 tempus
1060 2210 1172 2276 per
1215 2190 1539 2257 traducem
1595 2191 2065 2258 succedentium
2122 2193 2570 2277 episcoporum
2626 2214 2745 2261 ser·

470 2304 693 2366 uatum
740 2299 1107 2382 perturbant
1163 2296 1445 2363 ordinem
1501 2296 1627 2362 sibi
1671 2297 1805 2363 sine
1860 2297 2101 2382 origine
2154 2297 2579 2377 uindicantes‚
2632 2300 2747 2366 boc

473 2410 574 2472 est
615 2423 848 2488 corpus
894 2405 1031 2470 sine
1077 2403 1282 2487 capite
1319 2401 1714 2486 profitentem
1758 2401 1920 2468 unde
1966 2404 2257 2489 congruit
2300 2405 2494 2471 etiam
2534 2423 2745 2471 eorum

473 2510 688 2577 sedem
734 2508 1045 2575 catedram
1092 2507 1488 2592 pestilentiae
1532 2508 1873 2593 appellare.
1918 2526 2033 2575 nec
2078 2511 2245 2576 enim
2299 2510 2447 2577 ideo
2494 2511 2746 2594 impune

476 2616 616 2694 erit,
661 2616 810 2698 quia
853 2617 974 2681 sub
1021 2613 1122 2680 dei
1170 2613 1418 2679 nomine
1462 2614 1617 2679 haec
1664 2618 1882 2698 agunt.
1930 2620 2182 2682 constat
2217 2617 2384 2682 enim
2417 2634 2570 2682 suas
2604 2616 2746 2682 illos
2777 2630 2817 2673 ιο

474 2740 700 2788 causas
725 2722 847 2787 sub
877 2720 981 2787 dei
1006 2719 1255 2786 nomine
1283 2737 1489 2804 agere.
1535 2739 1657 2786 non
1686 2720 1854 2786 enim
1884 2721 2019 2787 zelo
2049 2721 2152 2787 dei
2187 2722 2343 2787 haec
2379 2726 2602 2807 agunt,
2638 2721 2747 2787 sed

476 2827 599 2895 sibi
633 2826 847 2894 locum
876 2826 1163 2891 uolentes
1193 2824 1547 2903 defendere,
1578 2843 1725 2891 cum
1754 2826 2035 2892 sciamus
2064 2826 2269 2893 Chore
2299 2831 2367 2893 et
2393 2826 2551 2894 CCL
2576 2827 2745 2893 uiros

475 2951 587 3017 per
628 2933 1202 3017 praesumptionem
1253 2930 1370 2998 deo
1416 2931 1747 2998 offerentes
1801 2933 1980 2998 hiatu
2026 2938 2228 2999 terrae
2274 2933 2566 2999 absortos
2613 2952 2748 2999 esse

477 3043 544 3104 et
589 3037 805 3104 Oziam
851 3056 1084 3123 regem,
1132 3056 1277 3103 cum
1322 3037 1440 3103 deo
1486 3037 1728 3102 inlicite
1786 3038 2146 3117 obtulisset,
2201 3038 2376 3123 lepra
2430 3040 2495 3104 in
2550 3039 2748 3106 fronte

477 3161 867 3227 percussum.
2776 3163 2815 3206 ιι

568 3251 626 3314 8.
701 3246 1012 3328 Quoniam
1086 3249 1314 3313 claruit
1373 3247 1691 3314 catedram
1755 3249 2157 3331 pestilentiae
2220 3249 2300 3315 ad
2356 3250 2746 3333 impietatem

480 3373 673 3437 supra
736 3354 965 3419 dictam
1033 3353 1366 3437 pertinere,
1431 3353 1675 3437 reliqua
1736 3348 2213 3438 prosequamur.
2271 3355 2507 3421 adiecit
2559 3357 2747 3421 enim:

481 3459 610 3528 sed
647 3458 718 3524 in
757 3458 922 3544 lege
962 3458 1245 3524 domini
1285 3457 1641 3524 uoluntas
1680 3458 1863 3524 eius.
1901 3460 2039 3524 eius
2077 3461 2476 3526 uoluntatem
2516 3461 2579 3525 iu
2617 3460 2750 3545 lege

482 3564 721 3630 domini
766 3564 922 3629 dicit
967 3582 1129 3642 esse,
1176 3563 1286 3648 qui
1330 3564 1559 3646 spretis
1609 3563 1824 3646 impiis
1879 3568 1944 3629 et
1993 3565 2263 3630 desertis
2317 3566 2750 3649 peccatoribus

482 3670 764 3736 abnuens
828 3670 1224 3754 pestilentiae
1280 3670 1595 3735 catedram
1654 3671 2048 3738 uoluntatem
2108 3691 2287 3737 suam
2342 3672 2405 3736 in
2464 3671 2567 3736 dei
2622 3671 2822 3756 legem

484 3776 727 3842 statuit.
772 3795 962 3859 quam
1011 3777 1089 3841 ob
1136 3795 1268 3842 rem
1314 3777 1613 3842 ‘beatum’
1650 3775 1817 3841 hunc
1864 3777 2040 3842 dixit.

575 3883 635 3947 9.
671 3882 755 3946 Et
789 3882 1108 3965 sequitur:
1147 3885 1220 3948 et
1245 3882 1315 3947 in
1349 3880 1515 3966 lege
1544 3881 1706 3946 eius
1738 3879 2233 3948 meditabitur
2260 3881 2380 3948 die
2409 3903 2492 3950 ac
2521 3889 2752 3950 nocte.

485 3986 894 4054 manifestum
942 3991 1064 4064 est,
1111 3988 1262 4070 qnia
1304 3986 1465 4051 liber
1508 3988 1586 4052 ab
1633 3986 1926 4055 omnibus
1971 3989 2307 4055 inlecebris
2366 3993 2431 4056 et
2486 3991 2756 4056 inmunis

487 4094 565 4159 ab
612 4094 735 4172 his,
782 4113 945 4177 quae
1001 4094 1102 4160 (lei
1158 4094 1285 4179 legi
1340 4093 1606 4159 aduersa
1661 4099 1828 4170 sunt,
1875 4095 2035 4160 nihil
2091 4095 2264 4160 aliud
2312 4115 2502 4180 quam
2551 4096 2617 4162 in
2664 4096 2756 4161 dei

667 4268 733 4322 12
770 4267 837 4322 cs.
874 4267 1034 4325 Num.
1078 4268 1159 4330 16.
1195 4267 1405 4323 81-85
1579 4270 1647 4323 14
1683 4268 1749 4326 cf.
1788 4269 1841 4324 11
1878 4270 2000 4324 Par.
2037 4271 2123 4336 26,
2160 4273 2224 4326 21
2405 4271 2472 4326 18
2510 4271 2601 4326 Ρι.
2645 4273 2692 4339 1,
2726 4272 2757 4325 2

491 4354 555 4409 21
600 4353 665 4408 cf.
702 4354 790 4409 Pa.
833 4357 880 4417 l.
923 4355 946 4409 1
1058 4355 1129 4409 22
1165 4355 1252 4411 Ρι.
1296 4355 1341 4415 1.
1381 4356 1414 4408 2

560 4461 594 4512 2
632 4460 721 4514 uel
757 4464 945 4514 contra
979 4461 1261 4516 ecclesiam
1297 4477 1398 4515 om.
1437 4462 1498 4514 X
1708 4465 2103 4519 constituerunt
2139 4464 2193 4518 P
2403 4465 2666 4522 cathedra
2698 4466 2765 4520 M

489 4548 524 4603 8
562 4562 678 4601 esse
714 4562 820 4602 om.
861 4547 1025 4603 ONX
1117 4551 1154 4603 4
1190 4551 1249 4603 et
1283 4549 1331 4602 si
1372 4547 1478 4602 ΘΔ
1622 4550 1773 4604 cuins
1808 4567 1911 4605 om.
1949 4551 2004 4604 P
2098 4553 2131 4604 5
2169 4552 2261 4622 ab]
2302 4551 2371 4607 ad
2408 4553 2482 4608 Π
2578 4554 2613 4609 6
2651 4553 2758 4623 per]

493 4636 586 4705 qui
620 4635 676 4690 P
814 4635 1204 4691 succidentium
1245 4636 1388 4704 C,N
1418 4640 1618 4705 (corn),
1655 4639 1718 4692 X
1866 4643 1923 4693 et
1959 4641 2326 4710 episcoporum
2362 4642 2425 4695 X
2549 4643 2587 4696 9
2625 4644 2759 4696 enim

491 4739 594 4778 om.
645 4723 798 4789 (arrd.
834 4741 878 4780 s.
917 4725 975 4791 1.)
1011 4725 1085 4780 M
1294 4727 1512 4797 impune
1558 4727 1685 4797 erit]
1733 4728 1922 4797 inpuni
1968 4735 2127 4783 erunt
2175 4728 2282 4784 GA
2327 4733 2489 4799 (corr.
2535 4731 2761 4800 inpune·

492 4815 673 4879 erunt)
753 4812 821 4867 10
856 4812 1008 4883 haec]
1044 4830 1147 4869 om.
1183 4815 1240 4868 P
1272 4815 1377 4869 hoc
1413 4815 1475 4868 X
1585 4820 1759 4884 agunt
1793 4818 2029 4887 constat]
2068 4833 2229 4887 agere
2264 4834 2371 4871 non
2409 4817 2467 4871 P
2555 4819 2619 4873 11
2661 4834 2760 4872 non

493 4901 636 4954 enim
670 4900 787 4955 zelo
826 4900 913 4955 dei
948 4917 1052 4956 om.
1085 4902 1159 4957 M
1195 4902 1346 4969 (ald.
1383 4905 1508 4974 my.)
1620 4902 1724 4958 hoc
1764 4903 1871 4958 GA
1957 4906 2022 4960 12
2061 4904 2358 4960 uoluntatis
2394 4904 2469 4959 M
2548 4906 2617 4961 13
2653 4906 2764 4961 hiat

493 4989 706 5060 neten-e
745 4986 794 5043 C
824 4988 944 5045 hiat
980 4993 1190 5046 utel-rae
1225 4993 1274 5061 (t
1306 5008 1353 5048 s.
1391 5008 1424 5045 u
1463 4997 1630 5058 eras.)
1666 4991 1734 5045 N
1865 4993 2179 5066 absumptos
2213 4993 2270 5048 Ρ
2394 4995 2461 5049 14
2498 4995 2680 5066 οὶομη
2711 4994 2765 5050 Ν

496 5076 565 5129 15
600 5074 874 5145 perfusum
911 5076 967 5131 P
1105 5078 1171 5133 17
1207 5077 1411 5134 dictum
1447 5078 1522 5133 M
1650 5097 2059 5153 prosaque-mur
2095 5089 2150 5149 (a
2184 5099 2228 5139 s.
2267 5083 2325 5151 1.)
2362 5082 2427 5137 N
2569 5082 2637 5138 18
2664 5081 2761 5137 suit

496 5169 627 5217 ante
660 5163 912 5218 uoluntas
948 5165 1077 5220 add.
1108 5167 1171 5221 X
1258 5168 1324 5222 19
1357 5169 1592 5239 supi-etis
1632 5167 1682 5224 C
1764 5170 1835 5225 20
1872 5172 1994 5241 lege
2031 5171 2118 5226 dei
2144 5172 2304 5236 RH
2334 5174 2519 5240 (corr.)
2606 5171 2678 5226 22
2710 5173 2762 5224 et

496 5250 596 5304 alt.
633 5267 735 5306 om.
771 5252 845 5307 M
1018 5253 1088 5310 24
1123 5257 1192 5311 iis
1230 5256 1294 5311 N
1430 5256 1554 5326 lege
1597 5257 1741 5325 0,N
1771 5262 1971 5328 (corn).
2012 5260 2072 5313 X
2211 5258 2300 5314 dei
2336 5260 2483 5330 lege]
2521 5259 2646 5330 lege
2679 5256 2758 5311 dei

498 5340 682 5406 (corr.)
715 5339 790 5394 M
822 5340 1001 5411 dilege
1037 5350 1198 5411 (corr.
1233 5346 1357 5417 lege
1393 5348 1506 5415 ΜΞ)
1548 5349 1596 5402 0
