3275 6434
899 687 2853 1204 m

465 1595 593 1661 188
1255 1590 1456 1646 Liber
1491 1591 1960 1661 quaestionum

460 1785 768 1853 cumcisio
803 1785 961 1852 facit
993 1785 1318 1851 Iudaeum.
1356 1785 1755 1852 circumcisio
1793 1785 1959 1851 enim
1998 1785 2254 1872 siguum
2291 1784 2598 1850 Iudaismi
2637 1788 2762 1856 est,

460 1909 581 1958 non
618 1890 1005 1969 Iudaismus,
1053 1891 1201 1974 quia
1246 1909 1367 1957 non
1416 1892 1479 1956 in
1526 1891 1843 1957 Abraham
1894 1890 2293 1958 circumcisio
2340 1890 2592 1955 iustitia
2636 1894 2760 1959 est.

461 1997 575 2065 sed
627 1999 883 2083 signum
938 1997 1246 2077 iustitiae,
1302 2002 1380 2063 ut
1430 1999 1563 2063 nati
1622 2017 1693 2063 ex
1749 1998 2068 2083 Abraham
2121 1998 2377 2083 siguum
2432 1996 2763 2071 haberent,

459 2123 572 2190 per
614 2105 783 2187 quod
827 2105 1245 2188 probarentur
1288 2104 1406 2169 filii
1444 2122 1585 2169 esse
1632 2104 1942 2180 Abrahae,
1989 2103 2226 2188 quippe
2271 2122 2418 2169 cum
2475 2122 2548 2168 ex
2600 2102 2760 2168 Iuda

458 2210 807 2276 Machabeo
863 2211 985 2277 hoc
1031 2210 1283 2275 nomine
1338 2211 1469 2275 sint
1522 2209 1844 2294 appellati,
1891 2214 1969 2275 ιιι
2019 2228 2142 2275 non
2188 2210 2397 2276 solum
2452 2229 2524 2275 ex
2582 2207 2761 2274 Iuda.
2823 2224 2853 2265 ⁵

458 2315 572 2383 sed
618 2318 685 2382 et
728 2317 921 2383 ceteri
958 2336 1030 2382 ex
1080 2314 1373 2381 omnibus
1431 2315 1579 2381 filiis
1641 2315 1833 2382 Iacob
1890 2315 2107 2381 ludaei
2167 2320 2568 2393 uocarentur,
2625 2334 2766 2399 pro·

457 2427 600 2508 pter
642 2422 810 2507 quod
856 2422 1050 2488 Iudas
1108 2422 1233 2487 dux
1291 2422 1486 2487 fuerit
1546 2422 1657 2487 eis.
1712 2421 1980 2505 ideoque
2039 2421 2171 2487 nati
2228 2421 2450 2487 Iudaei
2505 2421 2763 2506 siguum

459 2530 801 2613 accipiunt,
854 2533 923 2594 ut
971 2529 1080 2611 qui
1127 2531 1281 2594 sunt
1322 2528 1796 2612 intellegantur.

550 2638 612 2700 2.
628 2636 724 2701 De
755 2634 1112 2702 Christiano
1142 2638 1358 2700 autem
1385 2633 1526 2700 ideo
1555 2652 1678 2700 non
1708 2635 1994 2701 nascitur
2014 2633 2435 2714 Christianus,
2457 2632 2767 2717 quiaipsc

457 2742 570 2827 qni
629 2746 888 2828 generat
938 2760 1061 2807 nou
1113 2745 1326 2818 natus,
1373 2741 1487 2806 sed
1531 2740 1741 2807 faetus
1799 2745 1898 2806 est
1953 2741 2373 2807 Christianus.
2432 2759 2626 2823 quam
2684 2740 2763 2804 ol.»
2798 2755 2848 2799 ιο

456 2868 591 2915 rem
637 2853 705 2915 et
745 2849 944 2914 istum
993 2849 1102 2931 qui
1149 2848 1436 2913 nascitur
1482 2847 1616 2913 fieri
1666 2852 1935 2931 oportet,
1985 2852 2060 2913 ut
2105 2849 2211 2915 sit.
2269 2866 2384 2913 nec
2433 2847 2605 2912 enim
2653 2864 2768 2929 per

457 2955 884 3022 substantiam
931 2954 1236 3033 nascitur,
1286 2953 1399 3019 sed
1462 2973 1573 3038 per
1625 2953 1814 3019 fidem
1874 2973 2034 3037 quae
2090 2955 2215 3019 iam
2272 2954 2440 3020 natis
2496 2950 2764 3019 accedit·

460 3061 817 3146 ignorantia.
862 3061 1028 3125 enim
1077 3079 1222 3124 cum
1270 3078 1453 3124 carne
1501 3059 1807 3138 nascitur,
1854 3060 2011 3125 fides
2059 3063 2273 3125 autem
2316 3062 2544 3146 postea
2579 3057 2767 3141 spiri·

459 3167 577 3234 tali
623 3167 865 3233 ratione
921 3166 1237 3231 inseritur.
1292 3165 1406 3231 sed
1460 3166 1697 3231 dicitur
1751 3185 1785 3231 e
1844 3171 2089 3232 contra:
2139 3167 2217 3237 ‘si
2274 3167 2482 3230 sactus
2537 3164 2766 3246 utique

460 3279 559 3341 est
606 3274 716 3357 qui
770 3277 1050 3358 generat.
1107 3273 1228 3338 boc
1283 3272 1410 3337 iam
1466 3272 1659 3337 debet
1714 3291 2031 3358 generare,
2089 3271 2258 3354 quod
2313 3271 2451 3354 ipse
2509 3275 2631 3347 est,
2689 3275 2762 3335 ut
2803 3287 2853 3330 ιε

461 3384 721 3463 accepta
790 3379 1069 3464 dignitas
1142 3378 1469 3444 traducam
1534 3379 1793 3445 faceret.
1859 3398 2001 3444 nam
2071 3381 2395 3444 senatores
2460 3383 2767 3462 generant

461 3490 831 3553 senatores.’
903 3484 1015 3550 sed
1091 3486 1453 3550 senatorum
1530 3484 1806 3568 dignitas
1882 3503 2004 3550 non
2079 3483 2275 3549 habet
2337 3482 2508 3566 apud
2573 3483 2768 3548 deum

459 3593 782 3670 meritum,
829 3611 1034 3675 neque
1090 3592 1231 3674 ipsa
1286 3594 1529 3669 natura,
1577 3592 1698 3656 boc
1755 3594 1857 3656 est
1911 3591 2292 3666 substantia,
2350 3590 2770 3672 consequitur

460 3698 862 3775 beneficium,
911 3699 1021 3764 sed
1067 3698 1131 3762 in
1179 3698 1318 3763 sola
1362 3699 1529 3762 fama
1575 3702 1641 3762 et
1686 3715 1976 3763 sermone
2023 3696 2303 3782 dignitas
2349 3697 2646 3761 uertitur.
2694 3714 2768 3760 ac

459 3825 575 3891 per
619 3806 740 3870 hoc
789 3804 986 3868 currit
1032 3803 1288 3886 quidem
1336 3821 1542 3868 sermo
1598 3822 1711 3886 per
1764 3802 2090 3868 traducem
2148 3803 2376 3870 carnis.
2434 3803 2548 3869 sed
2607 3803 2772 3867 nihil
2811 3821 2850 3864 εει

459 3911 637 3977 aliud
673 3912 981 3995 praestat,
1021 3928 1211 3992 quam
1250 3908 1611 3991 opinionem
1651 3908 2000 3993 dignitatis,
2041 3909 2210 3975 sicut
2245 3912 2313 3974 et
2345 3909 2433 3987 hi,
2474 3908 2584 3991 qui
2625 3927 2774 3974 con·

460 4019 634 4084 sules
674 4020 830 4082 sunt
864 4019 979 4080 aut
1017 4015 1251 4080 statuis
1290 4015 1725 4094 honestantur,
1765 4014 2047 4099 gaudent
2082 4016 2146 4080 in
2189 4032 2377 4081 uano.
2420 4013 2773 4081 Christiani

462 4126 679 4189 autem
745 4141 891 4188 eum
954 4122 1136 4199 fiunt,
1195 4122 1324 4203 ipsi
1377 4124 1637 4185 naturae
1695 4121 1943 4187 accedit
2000 4121 2301 4206 dignitas,
2358 4125 2434 4185 ut
2488 4119 2777 4186 essentia

465 4231 605 4314 ipsa
638 4229 913 4295 hominis
953 4232 1278 4293 aeternum
1316 4228 1546 4293 habeat
1583 4228 2205 4311 incorruptibilitatis
2244 4226 2652 4303 beneficium,
2695 4231 2774 4290 ut

464 4357 589 4402 non
641 4335 929 4419 opinione
979 4336 1134 4412 sola,
1183 4335 1295 4399 sed
1343 4339 1405 4398 et
1451 4355 1515 4399 re
1566 4334 1654 4399 sit
1697 4335 1759 4399 in
1810 4334 2105 4399 effectum
2153 4333 2323 4418 apud
2370 4333 2583 4398 deum.
2634 4332 2770 4397 talc
2807 4353 2853 4396 aa

465 4449 567 4510 est
642 4442 838 4519 istud,
896 4447 970 4506 ut
1032 4442 1087 4505 si
1158 4441 1264 4523 qui
1325 4441 1601 4505 disertus
1660 4459 1898 4523 pauper
1950 4441 2014 4505 in
2069 4440 2255 4506 laude
2313 4440 2401 4504 sit
2459 4443 2524 4505 et
2578 4443 2772 4524 egeat

280 4786 389 4856 def,
413 4788 466 4842 P
536 4774 561 4827 1
603 4770 858 4827 iudeismi
905 4772 1091 4840 (corr.)
1136 4769 1212 4824 M
1249 4769 1536 4825 iudaeismi
1582 4769 1687 4825 CF
1727 4768 1993 4824 iudsisma
2032 4769 2086 4824 G
2131 4769 2361 4824 iudeis„
2398 4768 2455 4823 B
2635 4771 2671 4824 2
2712 4771 2769 4823 in

460 4876 567 4916 om.
603 4859 718 4915 NA
861 4860 1079 4914 institia
1115 4859 1220 4930 est]
1260 4859 1505 4913 iustitiae
1535 4859 1598 4913 X
1701 4860 1737 4912 4
1773 4856 1901 4929 iude
1934 4857 1983 4910 O
2085 4859 2119 4911 6
2159 4858 2234 4928 et]
2274 4874 2337 4913 ex
2378 4857 2427 4912 G
2568 4859 2771 4913 ceteris

460 4944 551 5009 (ex
586 4950 753 5004 ceteri
792 4949 886 5018 [?])
929 4949 977 5000 (2'
1116 4947 1268 5018 filiis]
1305 4947 1486 5002 fidelis
1524 4947 1592 5002 N
1618 4964 1681 5001 ex
1717 4947 1847 5002 filiis
1882 4946 1994 5001 FB
2108 4948 2143 5001 8
2178 4947 2544 5017 intellegatur
2577 4947 2772 5017 (corr.)

464 5037 515 5090 0
682 5040 749 5092 10
786 5039 881 5108 qui
917 5038 1168 5107 generat}
1208 5041 1501 5107 generatur
1541 5036 1595 5091 G
1630 5040 1918 5107 generator
1955 5036 2006 5089 Δ
2183 5036 2248 5089 12
2287 5035 2501 5091 accidet
2534 5035 2772 5091 MGFB

461 5126 664 5181 accidit
699 5127 859 5194 (corr.
899 5125 1131 5196 accidet)
1169 5126 1245 5194 N,
1269 5125 1376 5180 ΟΛ
1488 5126 1556 5179 14
1592 5125 1804 5180 ratione
1842 5141 1947 5180 om.
1989 5124 2097 5179 GA
2240 5123 2497 5179 inseritur
2529 5124 2607 5179 M
2712 5125 2768 5195 e]

462 5219 520 5269 et
549 5215 620 5269 M
727 5217 792 5270 15
830 5215 913 5285 nt]
955 5218 1053 5268 ant
1087 5213 1157 5280 G,
1195 5215 1356 5284 (corr.
1396 5229 1517 5282 exp.
1556 5219 1608 5267 et
1645 5229 1783 5267 erum
1816 5217 1870 5279 a)
1900 5214 1953 5266 A
2062 5213 2132 5265 22
2170 5213 2437 5282 gaudent]
2473 5218 2572 5267 ant
2606 5211 2771 5284 (add.

460 5320 504 5360 s.
545 5301 604 5374 1.)
642 5303 884 5374 gaudent
920 5303 994 5357 M
1123 5303 1191 5357 23
1230 5301 1431 5357 accidit
1473 5301 1638 5356 ONX
1787 5302 1857 5356 24
1894 5302 2000 5371 ipsi
2042 5301 2112 5364 G,
2150 5304 2311 5368 (com
2346 5303 2448 5354 αθ
2479 5301 2682 5372 ipsius)
2717 5303 2773 5356 A

461 5393 531 5446 25
570 5393 826 5462 opinione
865 5395 1030 5458 (corr.
1070 5392 1278 5462 opinio)
1305 5390 1373 5445 N
1482 5407 1539 5444 re
1572 5390 1775 5459 εονίρει·
1809 5405 1895 5444 res
1933 5388 2089 5444 codd.
2199 5388 2271 5443 26
2309 5389 2431 5459 quis
2469 5389 2538 5443 N
2678 5388 2774 5444 de-

460 5485 638 5535 sertus
678 5481 737 5534 X
