3275 6434
1375 694 1387 711 ἓ

1220 992 1435 1004 --Ἧ

464 1489 593 1553 176
1256 1485 1453 1541 Liber
1488 1487 1948 1556 quaestionum

464 1681 582 1744 est.
645 1681 743 1743 est
797 1678 962 1744 enim
1020 1696 1056 1742 a
1108 1680 1307 1761 patre,
1365 1678 1514 1761 quia
1564 1677 1737 1743 filius
1794 1681 1911 1744 est.
1963 1684 2208 1761 praeter
2260 1681 2471 1766 ipsum
2528 1686 2744 1749 autem

466 1801 590 1848 non
637 1785 736 1849 est
783 1781 962 1859 deus,
1013 1783 1161 1866 quia
1205 1782 1430 1849 unious
1475 1783 1677 1866 patris
1721 1783 1893 1849 filius
1951 1787 2066 1851 est
2119 1785 2258 1868 ipse
2313 1789 2528 1851 antem
2586 1786 2744 1853 deus

467 1891 587 1967 est,
635 1888 785 1973 quia
830 1906 955 1953 una
1001 1887 1202 1969 adque
1240 1887 1458 1953 eadem
1495 1887 1854 1953 substantia
1900 1888 2000 1955 dei
2049 1893 2115 1955 et
2151 1888 2390 1956 Christi
2428 1895 2547 1957 est.
2586 1892 2747 1958 nibil

466 1995 666 2080 igitur
709 1994 1146 2079 ambiguitatis
1190 1994 1580 2077 relinquitur,
1624 1998 1699 2061 ut
1743 1995 1941 2078 patris
1988 1999 2054 2061 et
2097 1995 2213 2061 filii
2258 2015 2385 2063 una
2429 2017 2570 2064 esse
2617 2016 2747 2064 ore·

469 2100 653 2166 datur
698 2099 1072 2166 substantia.
1117 2118 1308 2166 uerus
1354 2101 1520 2164 enim
1565 2099 1737 2166 filius
1785 2104 1850 2165 et
1894 2101 2028 2165 ueri
2073 2103 2272 2183 patris
2322 2106 2438 2169 est.
2806 2112 2837 2154 f»

562 2207 617 2270 7.
637 2205 789 2272 Tale
816 2205 1008 2272 etiam
1037 2204 1198 2270 illud
1216 2205 1571 2270 Hieremiae
1589 2204 1869 2289 profetae
1888 2209 2015 2283 estz
2036 2206 2194 2272 dioit
2212 2208 2379 2273 euim
2406 2208 2572 2274 inter
2589 2209 2748 2276 alia:

471 2312 604 2377 hic
633 2311 826 2377 deus
864 2316 1177 2377 noster:
1210 2330 1354 2377 non
1393 2310 1981 2377 aestimabitur
2016 2312 2236 2378 alter
2271 2312 2362 2378 ad
2392 2332 2586 2382 eum.
2617 2314 2748 2380 hic

473 2416 907 2482 adiuueni·t
935 2434 1232 2482 omnem
1261 2415 1469 2481 uiam
1499 2416 1908 2481 scientiae
1940 2421 2021 2482 et
2045 2417 2275 2483 dedit
2311 2437 2475 2494 eam
2505 2419 2747 2485 Iacob

474 2539 717 2605 puero
774 2540 918 2588 suo
992 2526 1071 2587 et
1132 2522 1458 2598 Israhel
1521 2521 1835 2588 dilecto
1901 2522 2086 2588 sibi.
2161 2528 2351 2608 post
2411 2524 2609 2589 bueo
2672 2525 2748 2590 in

474 2632 695 2694 terra
776 2629 1012 2693 uisus
1098 2630 1224 2693 est
1310 2631 1388 2692 et
1463 2628 1682 2692 inter
1759 2628 2124 2693 homines
2208 2633 2751 2696 conuersatus
2788 2641 2842 2684 1⁰

476 2739 621 2800 est.
669 2732 979 2817 numquid
1025 2733 1295 2818 degener
1337 2736 1554 2817 potest
1596 2732 1745 2807 diei,
1794 2731 1873 2798 ad
1921 2751 2106 2815 quem
2154 2733 2319 2800 alius
2365 2752 2489 2799 non
2535 2740 2754 2818 potest

475 2840 840 2907 aestimari?
886 2843 1000 2905 aut
1042 2839 1206 2905 alius
1252 2839 1408 2905 deus
1456 2858 1647 2921 quam
1692 2842 1873 2923 pater
1909 2842 2009 2906 est
2044 2840 2277 2923 poterit
2319 2840 2468 2918 dici,
2512 2845 2591 2906 ut
2633 2839 2752 2905 deo

475 2944 763 3030 proficiat
806 2944 885 3010 ad
938 2945 1231 3009 iniuriam
1285 2945 1492 3027 patri?
1547 2945 1603 3009 si
1661 2945 1825 3010 enim
1873 2944 2194 3009 aestimari
2248 2944 2327 3010 ad
2383 2964 2527 3010 eum
2593 2945 2758 3010 alter

478 3050 637 3117 deus
682 3069 803 3116 non
860 3053 1074 3134 potest
1130 3053 1196 3114 et
1246 3050 1487 3135 absque
1541 3050 1660 3116 deo
1715 3054 1892 3134 patre
1948 3054 2066 3126 est,
2123 3050 2336 3115 uidete
2390 3069 2469 3115 an
2523 3049 2758 3115 debeat

478 3157 604 3223 dici
651 3156 819 3241 quod
866 3157 1183 3239 sequitur;
1223 3157 1652 3240 periculosum
1701 3162 1801 3221 est
1854 3157 2041 3221 enim.
2096 3158 2297 3222 maior
2352 3157 2518 3221 enim
2574 3160 2756 3239 patre
2793 3173 2845 3216 ιτ.

481 3263 742 3328 dicetur.
789 3265 1088 3346 putantes
1138 3262 1301 3327 enim
1341 3261 1459 3327 deo
1516 3281 1583 3327 se
1639 3261 1800 3345 patri
1848 3259 2109 3340 deferre,
2166 3263 2221 3326 si
2282 3263 2361 3327 ab
2418 3281 2493 3327 eo
2548 3261 2757 3327 filium

481 3370 836 3453 segregent,
885 3366 1190 3451 derogant
1234 3367 1313 3443 ei,
1350 3369 1425 3430 ut
1461 3384 1650 3450 quem
1687 3366 1994 3432 minorem
2040 3366 2270 3432 uolunt
2313 3367 2522 3431 facere
2558 3367 2758 3447 impie

480 3474 805 3540 obcaecati
869 3475 1078 3537 mente
1134 3474 1482 3554 proponant
1535 3489 1681 3536 eum
1738 3471 1858 3551 ini,
1915 3471 2097 3537 ouius
2155 3472 2522 3537 auctoritati
2580 3471 2759 3536 inoli-

481 3578 758 3644 nandum
805 3578 969 3643 huno
1008 3581 1249 3660 putant.
1295 3576 1608 3660 scriptura
1652 3580 1886 3654 autem,
1932 3581 2007 3643 ut
2042 3577 2200 3642 nibil
2246 3577 2449 3642 filium
2497 3595 2533 3641 a
2580 3579 2759 3660 patre

484 3683 730 3751 differre
768 3683 1022 3750 doceret
1047 3720 1132 3730 -
1162 3682 1443 3748 differret
1463 3687 1697 3762 autem,
1733 3683 1790 3747 si
1827 3700 1948 3747 non
1979 3685 2151 3747 esset
2177 3700 2367 3748 uerus
2388 3674 2760 3771 -2nullum
2791 3699 2845 3744 so

483 3789 679 3854 alium
729 3787 885 3853 dixit
929 3785 1389 3853 aestimandum
1435 3785 1515 3851 ad
1562 3803 1732 3863 eum,
1788 3785 1937 3867 quia
1992 3785 2168 3851 nulla
2222 3786 2349 3851 alia
2399 3784 2764 3851 substantia

485 3893 723 3978 poterit
766 3892 997 3960 similis
1044 3891 1344 3976 repperiri
1388 3891 1784 3958 substantiae
1832 3890 1954 3970 dei,
2010 3908 2171 3974 quae
2227 3895 2326 3956 est
2380 3894 2447 3956 et
2500 3889 2763 3957 Christi.

485 4000 673 4066 aliter
715 3997 880 4065 enim
928 3997 1252 4064 Christum
1296 3997 1374 4063 de
1418 3997 1535 4063 deo
1582 4000 1730 4062 esse
1770 3995 1981 4062 doceri
2036 4015 2159 4062 non
2228 4000 2496 4078 poterat,
2570 4014 2763 4080 quam

486 4110 565 4172 ut
615 4105 863 4172 nullum
917 4102 1156 4169 diceret
1205 4101 1401 4168 alium
1457 4100 1920 4168 aestimandum
1968 4104 2044 4169 ut
2097 4120 2264 4168 eum.
2319 4102 2525 4167 sciens
2594 4100 2765 4167 enim

667 4382 701 4434 2
743 4380 810 4437 os.
845 4378 963 4435 Iob.
1005 4378 1055 4443 1.
1095 4377 1161 4432 18
1267 4379 1301 4430 5
1339 4376 1406 4433 cf.
1443 4375 1471 4431 1
1506 4375 1624 4432 Iob.
1661 4379 1712 4442 5.
1749 4375 1820 4432 20
1946 4376 1979 4431 7
2016 4375 2139 4431 Bar.
2177 4377 2230 4444 8,
2266 4376 2479 4432 36-88
2588 4377 2659 4431 20
2697 4374 2767 4435 ef.

489 4468 615 4525 Bar.
652 4469 706 4535 8,
740 4468 810 4522 86

224 4645 466 4722 &PG
568 4645 592 4697 1
636 4648 723 4697 est
755 4642 919 4711 enim]
958 4639 1055 4696 sed
1090 4641 1156 4710 (s.
1194 4640 1231 4695 1.
1258 4639 1398 4708 sort.
1437 4639 1551 4710 ¹¹⁸2)
1589 4640 1676 4693 est
1707 4638 1783 4693 Π
1904 4638 1938 4690 2
1974 4638 2114 4709 ipse]
2150 4637 2206 4691 in
2243 4654 2301 4692 se
2337 4637 2413 4693 Π
2529 4639 2565 4692 4
2602 4637 2767 4692 reliu-

494 4737 692 4804 quetur
731 4731 780 4785 0
846 4732 880 4785 5
919 4732 978 4784 et
1010 4745 1114 4784 out.
1150 4728 1226 4783 Π
1326 4727 1514 4800 patris]
1552 4726 1685 4782 add.
1724 4726 1868 4782 filius
1903 4726 2022 4781 s...1.
2061 4726 2137 4782 Π
2200 4726 2234 4779 6
2273 4725 2664 4796 prophetatae
2699 4723 2780 4780 Π

491 4821 640 4875 inter
671 4835 777 4875 om.
810 4818 886 4873 Π
1020 4816 1131 4872 slis
1164 4817 1328 4886 (oon.
1360 4818 1457 4871 ιω
1489 4815 1649 4884 sliu)
1683 4813 1759 4869 Π
1900 4815 1937 4870 8
1973 4813 2261 4870 adinueuit
2295 4815 2531 4884 omnem]
2565 4813 2770 4868 aduen-

492 4907 699 4962 tionem
734 4906 894 4975 (corr.
931 4909 1027 4960 nu
1062 4903 1370 4975 adiuueuit)
1403 4902 1479 4958 Π
1507 4900 2105 4958 diuinationem-Nx
2139 4903 2299 4972 (oon.
2336 4900 2471 4971 AB)
2566 4901 2603 4957 0
2637 4899 2774 4970 sibi}

495 5011 594 5050 suo
628 4994 697 5050 N
722 4995 927 5063 (eom),
961 4994 1024 5047 X
1130 4992 1198 5047 lo
1231 4991 1393 5047 terris
1431 4989 1599 5046 GNX
1735 4993 1987 5045 uersatus
2027 4991 2076 5044 Ο
2188 4991 2251 5045 11
2294 4988 2565 5061 degenere
2604 4989 2776 5048 CNx

499 5084 567 5139 18
603 5083 747 5154 patri
789 5081 952 5153 (ooo-r.
988 5083 1084 5134 ιιι)
1118 5079 1312 5152 pah-is)
1346 5078 1422 5134 Π
1457 5077 1629 5149 pah-is
1664 5077 1725 5130 X
1937 5079 2004 5134 lo
2040 5076 2268 5133 defferre
2306 5077 2356 5130 0
2388 5076 2606 5134 differre
2638 5077 2772 5139 NF.

496 5171 657 5243 (eom
692 5168 939 5242 deterre)
972 5172 1056 5224 A·
1174 5170 1240 5225 17
1275 5169 1570 5240 segregant
1609 5165 1659 5221 0
1816 5166 1883 5222 18
1919 5160 2227 5238 proponant
2258 5165 2403 5222 iden
2436 5165 2587 5236 quod
2618 5182 2777 5237 prse-

496 5261 705 5332 ponaut
886 5257 959 5313 20
994 5256 1220 5313 εἰσίοι-ιο
1259 5254 1309 5311 0
1486 5251 1741 5310 dolaret
1778 5253 1827 5310 0
1920 5301 1924 5304 .
2010 5253 2175 5310 alium
2208 5253 2422 5310 nullum
2464 5253 2570 5310 GN
2603 5253 2777 5311 alim

496 5346 726 5409 nihilx
827 5345 894 5400 21
937 5344 1275 5402 &cmx
1366 5343 1438 5398 22
1472 5341 1733 5414 repperiri
1769 5357 1875 5399 on.
1913 5341 1989 5397 Π
2087 5341 2158 5399 28
2194 5339 2503 5399 altorff
