3275 6434
883 645 2809 1098 —

1464 745 1704 982 .
2806 755 2809 763 ¹

1262 986 1453 998 ——n

508 1459 636 1552 252
1305 1455 1512 1512 Liber
1544 1455 2004 1527 questionum

503 1655 754 1718 sutem
799 1651 886 1717 de
932 1656 1133 1718 terre
1179 1655 1317 1731 est,
1365 1652 1451 1718 de
1498 1655 1700 1719 terra
1746 1655 1824 1718 et
1862 1651 2237 1736 loquium
2288 1653 2418 1736 qni
2472 1672 2656 1720 uero
2713 1653 2802 1719 ‹le

502 1757 716 1825 caelo
763 1758 996 1837 uenit,
1043 1758 1241 1841 quod
1285 1756 1487 1824 uidit
1531 1761 1609 1823 et
1653 1757 1978 1834 audiuit,
2034 1758 2523 1825 testificatur
2575 1763 2653 1826 et
2696 1763 2801 1827 te·

503 1863 939 1931 stimonium
985 1864 1151 1931 eius
1197 1883 1409 1931 nemo
1449 1865 1748 1949 soeipit.
1786 1882 1933 1931 eece
1969 1864 2281 1931 Iohannes
2319 1884 2537 1932 omnes
2575 1883 2800 1932 secum

503 1970 737 2053 pariter
769 1970 851 2036 sd
885 1970 1393 2056 conparationem
1433 1968 1673 2037 domini
1717 1973 2051 2037 terrestres
2088 1971 2385 2055 appellet,
2423 1972 2576 2056 quis
2608 1972 2797 2039 illum

502 2075 581 2142 de
626 2076 819 2143 eselis
863 2079 1140 2143 testatur
1183 2076 1461 2155 uenisse,
1508 2079 1751 2143 eeteros
1799 2095 1950 2142 nero
2000 2095 2219 2142 omnes
2274 2076 2353 2143 de
2406 2081 2576 2143 terra
2629 2095 2796 2156 esse,

500 2181 623 2249 hoo
667 2185 769 2250 est
820 2183 897 2249 de
942 2181 1368 2249 inferioribus.
1427 2184 1492 2248 et
1546 2181 1686 2267 ipse
1739 2181 2038 2249 dominns
2091 2183 2259 2249 inter
2309 2186 2518 2250 cetera
2570 2183 2796 2250 eadem

499 2287 787 2371 loquitur
844 2287 1092 2355 dicens:
1150 2306 1291 2354 non
1341 2288 1531 2354 enim
1579 2287 1936 2355 descendi
1985 2288 2071 2354 <le
2118 2288 2328 2355 eaelo
2374 2292 2460 2355 nt
2513 2289 2794 2356 faeiem

501 2394 970 2460 uoluntatem
1008 2413 1266 2474 meam,
1312 2394 1442 2460 sed
1488 2395 1966 2461 uoluntatem
2015 2395 2203 2474 eius,
2244 2395 2371 2479 qui
2408 2413 2519 2461 me
2553 2395 2794 2474 misit,

502 2500 760 2584 patris.
788 2504 855 2567 et
879 2502 1111 2567 iterum
1149 2501 1445 2567 dominns
1480 2501 1645 2568 inter
1680 2501 1806 2571 alix
1838 2502 1962 2567 hoe
1998 2519 2192 2567 sensu
2226 2501 2518 2585 loquitur
2543 2500 2793 2571 dicens:

500 2608 575 2671 et
617 2625 808 2672 nune
853 2607 1022 2674 dieo
1059 2607 1303 2686 uobis,
1330 2607 1508 2691 qnia
1545 2625 1683 2693 ego
1721 2608 2001 2691 rogabo
2039 2610 2347 2691 patrem.
2389 2607 2555 2691 ipse
2591 2608 2788 2673 enim

498 2715 714 2795 pater
766 2711 1031 2799 diligit
1087 2732 1245 2792 uos,
1309 2712 1483 2796 quie
1547 2732 1682 2780 nos
1748 2733 1859 2778 me
1923 2712 2265 2798 diligitis
2329 2714 2406 2778 et
2468 2712 2790 2779 creditis

497 2817 674 2901 quia
745 2836 881 2902 ego
946 2838 982 2884 a
1054 2819 1189 2885 deo
1262 2819 1464 2885 exini
1537 2822 1748 2903 petre
1822 2825 1896 2885 et
1966 2819 2144 2885 ueni
2197 2819 2270 2883 in
2328 2820 2526 2885 huno
2590 2838 2789 2885 mun·

500 2921 696 3001 dum3
763 2923 1039 2989 iterum
1107 2924 1459 3009 relinquo
1525 2925 1876 2991 mundum
1944 2927 2020 2990 et
2082 2923 2274 2991 uado
2330 2924 2419 2990 nd
2474 2929 2787 3010 patrem.

496 3037 650 3095 tune
694 3029 988 3096 uidentes
1035 3030 1334 3116 discipuli
1394 3031 1729 3096 manifeste
1781 3030 1966 3096 illum
2027 3049 2167 3097 esse
2221 3032 2510 3097 loentum
2567 3031 2791 3097 dieunt

498 3135 587 3201 ei:
636 3154 807 3202 ecee
864 3155 1054 3202 nune
1112 3139 1364 3222 palam
1419 3137 1760 3221 loqueris
1817 3140 1892 3202 et
1948 3137 2431 3221 prouerbium
2487 3136 2785 3203 nullum

497 3241 723 3318 dicim
772 3261 961 3308 nune
1009 3243 1290 3310 seimus
1339 3244 1689 3327 quoniam
1739 3244 1891 3309 seis
1940 3243 2205 3321 omnis,
2263 3247 2337 3309 et
2390 3262 2530 3310 non
2590 3261 2786 3329 opus

498 3352 619 3413 est
651 3348 799 3414 tibi
828 3351 913 3414 nt
939 3349 1110 3432 quis
1143 3352 1217 3415 te
1246 3350 1696 3436 interroget;
1728 3350 1799 3414 in
1832 3349 1973 3415 hoe
2002 3349 2403 3429 eredimus,
2435 3350 2786 3434 quonism

498 3472 535 3518 a
582 3452 716 3519 deo
765 3454 1008 3519 existi.
1056 3454 1209 3520 haee
1253 3454 1773 3540 interpretatione
1819 3475 1939 3522 non
1988 3455 2298 3541 indigent,
2355 3455 2593 3539 qnippe
2640 3473 2788 3520 eum

494 3561 624 3626 ista
667 3578 923 3626 summe
968 3561 1057 3626 sit
1098 3561 1425 3647 religionis
1481 3565 1757 3641 nostrae,
1820 3566 1894 3628 ut
1948 3561 2273 3628 Christum
2330 3564 2475 3626 ente
2529 3579 2780 3627 earnem

494 3666 558 3732 in
605 3666 799 3732 caelis
847 3685 994 3732 eum
1042 3666 1159 3732 deo
1207 3667 1406 3734 fuisse
1454 3667 1784 3734 credamne
1831 3671 1906 3733 ut
1948 3667 2152 3733 filium
2199 3667 2369 3752 apud
2412 3670 2680 3751 patrem.

585 3776 644 3839 2.
715 3772 878 3839 Nam
951 3775 1005 3840 si
1077 3778 1334 3857 propter
1396 3775 1635 3840 iustam
1700 3776 2246 3840 conuersationem
2311 3777 2378 3840 et
2440 3775 2783 3840 caelestem

493 3878 843 3946 doctrinam
892 3880 970 3946 de
1025 3880 1200 3946 eaelo
1257 3886 1324 3947 et
1376 3899 1412 3946 a
1468 3880 1585 3947 deo
1642 3900 1711 3946 se
1775 3881 1935 3946 dixit
1998 3881 2202 3947 exisse
2274 3885 2341 3947 et
2400 3881 2659 3947 uenisse
2719 3880 2784 3946 in

492 3983 823 4064 mundum,
888 3984 1107 4052 eadem
1174 3985 1520 4053 debuerant
1565 3986 1777 4054 dicere
1834 3986 1911 4052 de
1969 4005 2038 4051 se
2094 4005 2312 4053 omnes
2372 3987 2657 4070 profetae
2722 3989 2786 4051 et

492 4091 793 4175 apostoli.
841 4095 906 4157 et
950 4093 1101 4176 quis
1146 4092 1334 4159 dixit:
1379 4095 1654 4159 iterum
1701 4093 2049 4175 relinquo
2088 4092 2441 4158 mundum
2480 4096 2556 4159 et
2592 4092 2783 4159 uado

494 4196 582 4262 ed
627 4200 934 4280 petrem,
982 4198 1101 4264 hoe
1145 4197 1308 4264 forte
1355 4198 1605 4265 (licetur
1641 4198 2056 4283 significasse,
2094 4200 2245 4282 quis
2279 4199 2585 4278 doctrina,
2622 4217 2782 4282 quae

494 4307 751 4369 uenerat
812 4322 851 4370 s
907 4302 1044 4381 (leo,
1100 4305 1323 4371 relicto
1379 4304 1614 4370 mundo
1672 4304 1751 4370 ad
1811 4305 1998 4371 deum
2066 4310 2167 4371 est
2229 4323 2540 4391 regressa.
2608 4304 2783 4370 aliud

670 4565 700 4617 7
740 4563 856 4618 Ioh.
893 4564 945 4632 o,
985 4564 1054 4620 38
1166 4565 1232 4620 10
1270 4564 1385 4622 ιοι..
1428 4567 1510 4635 16,
1548 4566 1763 4621 ‘ne-28
1868 4567 1934 4620 15
1970 4565 2087 4621 lon.
2130 4567 2215 4634 16,
2254 4567 2339 4620 29.
2381 4566 2450 4621 so
2552 4567 2624 4621 24
2663 4567 2780 4622 Ioh.

502 4654 584 4721 16,
621 4652 692 4706 28

318 4817 427 4888 def,
447 4821 502 4874 P
573 4813 598 4867 1
642 4810 710 4867 de
748 4815 892 4866 tem
929 4813 1029 4868 alt.
1067 4828 1169 4868 om.
1207 4813 1361 4880 (aad.
1397 4832 1440 4868 ε.
1480 4816 1544 4885 l.)
1579 4814 1656 4870 M
1827 4812 1887 4871 et
1921 4833 2061 4870 eras.
2097 4815 2172 4869 M
2203 4831 2305 4871 om.
2350 4815 2400 4870 G
2552 4815 2589 4868 2
2625 4814 2782 4870 audit

498 4899 665 4954 CNX
801 4899 836 4954 8
874 4901 1087 4972 accepit
1121 4901 1183 4954 X
1321 4902 1571 4958 iohannis
1612 4904 1661 4956 C
1797 4906 1834 4958 4
1870 4904 2145 4959 terrestris
2186 4904 2234 4958 C
2383 4904 2687 4976 appellauit
2722 4903 2789 4958 N

492 4991 526 5044 5
563 4987 789 5044 caelesti
827 4987 938 5043 GA
1044 4990 1075 5044 7
1112 4990 1356 5059 loquitur
1388 4991 1542 5060 (add.
1581 4993 1601 5047 i
1635 5010 1681 5048 ε.
1719 4992 1765 5060 t)
1800 4991 1869 5047 N
1965 4992 2001 5049 8
2037 4992 2188 5047 misit
2221 5009 2307 5048 me
2343 4992 2407 5047 N
2512 4993 2582 5049 10
2616 4992 2779 5063 nune]

491 5094 599 5133 non
637 5076 700 5131 X
877 5078 944 5133 12
991 5095 1092 5151 ego
1139 5095 1243 5135 on.
1279 5079 1346 5134 N
1552 5081 1719 5151 exini]
1769 5080 1899 5136 aad.
1947 5081 2090 5136 exini
2127 5099 2160 5136 ι
2193 5081 2458 5145 limax
2491 5081 2624 5138 aaa.
2663 5099 2697 5138 ι
2736 5083 2784 5138 (J

491 5168 635 5223 bunc
679 5182 784 5221 ont.
827 5168 896 5236 G,
918 5166 973 5221 B
1007 5168 1165 5236 (aad.
1201 5172 1319 5237 αθ)
1459 5170 1526 5226 15
1562 5187 1707 5225 nnnc
1740 5187 1845 5225 οιιι.
1882 5170 1949 5224 Ν
2079 5171 2144 5226 17
2181 5176 2267 5226 est
2302 5187 2408 5227 οιιι.
2445 5171 2506 5226 Ν
2647 5171 2778 5243 qno’·

491 5257 666 5312 niam·
696 5260 772 5323 (m
811 5258 870 5310 in
905 5262 1039 5326 ras.)
1076 5257 1139 5312 Ν
1170 5259 1299 5329 quis
1339 5258 1448 5314 GA
1523 5260 1590 5316 18
1625 5259 1731 5315 hu.
1764 5259 1831 5314 Ν
1900 5260 1966 5315 19
2000 5260 2292 5332 relegionis
2332 5260 2487 5317 CFA
2558 5261 2633 5318 20
2669 5279 2779 5318 ere·

492 5345 667 5401 dimus
703 5345 770 5400 Ν
870 5346 940 5401 26
976 5345 1046 5402 sd
1084 5344 1268 5417 deum]
1308 5365 1341 5402 ι
1377 5347 1478 5403 (leo
1515 5348 1702 5419 (corr.)
1740 5348 1814 5402 M
