<?xml version="1.0" encoding="UTF-8"?>
<!DOCTYPE html PUBLIC "-//W3C//DTD XHTML 1.0 Transitional//EN"
    "http://www.w3.org/TR/xhtml1/DTD/xhtml1-transitional.dtd">
<html xmlns="http://www.w3.org/1999/xhtml" xml:lang="en" lang="en">
 <head>
  <title>
</title>
<meta http-equiv="Content-Type" content="text/html;charset=utf-8" />
  <meta name='ocr-system' content='tesseract 3.04.00' />
  <meta name='ocr-capabilities' content='ocr_page ocr_carea ocr_par ocr_line ocrx_word'/>
</head>
<body>
  <div class='ocr_page' id='page_1' title='image "./pseudoaugustini00soutgoog_0403.png"; bbox 0 0 3275 6434; ppageno 0'>
   <div class='ocr_carea' id='block_1_1' title="bbox 230 682 2220 1092">
    <p class='ocr_par' dir='ltr' id='par_1_1' title="bbox 230 682 2220 1092">
     <span class='ocr_line' id='line_1_1' title="bbox 230 682 2220 1092; baseline 0 5342"><span class='ocrx_word' id='word_1_1' title='bbox 230 682 2220 1092; x_wconf 95' lang='lat' dir='ltr'><strong> </strong></span> 
     </span>
    </p>
   </div>
   <div class='ocr_carea' id='block_1_2' title="bbox 1089 1471 2625 1548">
    <p class='ocr_par' dir='ltr' id='par_1_2' title="bbox 1089 1471 2625 1548">
     <span class='ocr_line' id='line_1_2' title="bbox 1089 1471 2625 1548; baseline 0.011 -19"><span class='ocrx_word' id='word_1_2' title='bbox 1089 1471 1241 1545; x_wconf 64' lang='lat' dir='ltr'><strong>cap.</strong></span> <span class='ocrx_word' id='word_1_3' title='bbox 1275 1473 1533 1532; x_wconf 79' lang='lat' dir='ltr'><strong>oxvtm</strong></span> <span class='ocrx_word' id='word_1_4' title='bbox 1564 1473 1818 1532; x_wconf 74' lang='lat'>4—(111</span> <span class='ocrx_word' id='word_1_5' title='bbox 1838 1475 1904 1533; x_wconf 85' lang='lat'><strong>.1.</strong></span> <span class='ocrx_word' id='word_1_6' title='bbox 2495 1478 2625 1548; x_wconf 77' lang='lat'><strong>361</strong></span> 
     </span>
    </p>
   </div>
   <div class='ocr_carea' id='block_1_3' title="bbox 262 1665 2638 2915">
    <p class='ocr_par' dir='ltr' id='par_1_3' title="bbox 344 1665 2633 2073">
     <span class='ocr_line' id='line_1_3' title="bbox 344 1665 2629 1755; baseline 0.001 -21"><span class='ocrx_word' id='word_1_7' title='bbox 344 1674 533 1735; x_wconf 75' lang='lat' dir='ltr'><strong>sente</strong></span> <span class='ocrx_word' id='word_1_8' title='bbox 578 1666 745 1734; x_wconf 89' lang='lat' dir='ltr'><strong>enim</strong></span> <span class='ocrx_word' id='word_1_9' title='bbox 781 1684 944 1751; x_wconf 85' lang='lat' dir='ltr'><strong>quae</strong></span> <span class='ocrx_word' id='word_1_10' title='bbox 978 1666 1280 1733; x_wconf 86' lang='lat' dir='ltr'><strong>amiaerat</strong></span> <span class='ocrx_word' id='word_1_11' title='bbox 1319 1665 1610 1735; x_wconf 72' lang='lat' dir='ltr'><strong>ministro</strong></span> <span class='ocrx_word' id='word_1_12' title='bbox 1657 1669 1882 1755; x_wconf 87' lang='lat' dir='ltr'><strong>angelo</strong></span> <span class='ocrx_word' id='word_1_13' title='bbox 1926 1669 2324 1754; x_wconf 74' lang='lat' dir='ltr'><strong>recuperauit</strong></span> <span class='ocrx_word' id='word_1_14' title='bbox 2363 1669 2629 1751; x_wconf 84' lang='lat' dir='ltr'><strong>lumina,</strong></span> 
     </span>
     <span class='ocr_line' id='line_1_4' title="bbox 349 1771 2631 1860; baseline 0.002 -21"><span class='ocrx_word' id='word_1_15' title='bbox 349 1773 598 1840; x_wconf 84' lang='lat' dir='ltr'><strong>ditatua</strong></span> <span class='ocrx_word' id='word_1_16' title='bbox 642 1773 834 1840; x_wconf 86' lang='lat' dir='ltr'><strong>etiam</strong></span> <span class='ocrx_word' id='word_1_17' title='bbox 880 1771 1104 1857; x_wconf 84' lang='lat' dir='ltr'><strong>oopiia,</strong></span> <span class='ocrx_word' id='word_1_18' title='bbox 1151 1791 1312 1856; x_wconf 89' lang='lat' dir='ltr'><strong>quae</strong></span> <span class='ocrx_word' id='word_1_19' title='bbox 1357 1771 1435 1838; x_wconf 85' lang='lat' dir='ltr'><strong>ad</strong></span> <span class='ocrx_word' id='word_1_20' title='bbox 1481 1776 1876 1858; x_wconf 72' lang='lat' dir='ltr'><strong>praesentem</strong></span> <span class='ocrx_word' id='word_1_21' title='bbox 1929 1775 2247 1860; x_wconf 83' lang='lat' dir='ltr'><strong>pertinent</strong></span> <span class='ocrx_word' id='word_1_22' title='bbox 2297 1775 2519 1856; x_wconf 87' lang='lat' dir='ltr'><strong>uitam,</strong></span> <span class='ocrx_word' id='word_1_23' title='bbox 2566 1780 2631 1843; x_wconf 78' lang='lat' dir='ltr'><strong>et</strong></span> 
     </span>
     <span class='ocr_line' id='line_1_5' title="bbox 350 1878 2633 1964; baseline 0.002 -20"><span class='ocrx_word' id='word_1_24' title='bbox 350 1878 422 1944; x_wconf 90' lang='lat' dir='ltr'><strong>in</strong></span> <span class='ocrx_word' id='word_1_25' title='bbox 467 1879 683 1945; x_wconf 80' lang='lat' dir='ltr'><strong>futuro</strong></span> <span class='ocrx_word' id='word_1_26' title='bbox 726 1879 911 1945; x_wconf 81' lang='lat' dir='ltr'><strong>berea</strong></span> <span class='ocrx_word' id='word_1_27' title='bbox 955 1878 1134 1964; x_wconf 88' lang='lat' dir='ltr'><strong>regni</strong></span> <span class='ocrx_word' id='word_1_28' title='bbox 1176 1878 1496 1944; x_wconf 78' lang='lat' dir='ltr'><strong>caelorum</strong></span> <span class='ocrx_word' id='word_1_29' title='bbox 1541 1881 1645 1945; x_wconf 82' lang='lat' dir='ltr'><strong>eat</strong></span> <span class='ocrx_word' id='word_1_30' title='bbox 1684 1880 1916 1961; x_wconf 72' lang='lat' dir='ltr'><strong>factus,</strong></span> <span class='ocrx_word' id='word_1_31' title='bbox 1969 1883 2049 1948; x_wconf 86' lang='lat' dir='ltr'><strong>ut</strong></span> <span class='ocrx_word' id='word_1_32' title='bbox 2086 1881 2153 1947; x_wconf 87' lang='lat' dir='ltr'><strong>in</strong></span> <span class='ocrx_word' id='word_1_33' title='bbox 2205 1882 2327 1949; x_wconf 86' lang='lat' dir='ltr'><strong>hoo</strong></span> <span class='ocrx_word' id='word_1_34' title='bbox 2381 1880 2633 1949; x_wconf 87' lang='lat' dir='ltr'><strong>dooere·</strong></span> 
     </span>
     <span class='ocr_line' id='line_1_6' title="bbox 351 1983 2632 2073; baseline 0.002 -24"><span class='ocrx_word' id='word_1_35' title='bbox 351 2002 502 2049; x_wconf 86' lang='lat' dir='ltr'><strong>mur</strong></span> <span class='ocrx_word' id='word_1_36' title='bbox 543 1983 710 2067; x_wconf 86' lang='lat' dir='ltr'><strong>quia,</strong></span> <span class='ocrx_word' id='word_1_37' title='bbox 755 1983 869 2067; x_wconf 85' lang='lat' dir='ltr'><strong>qui</strong></span> <span class='ocrx_word' id='word_1_38' title='bbox 898 1987 1039 2051; x_wconf 78' lang='lat' dir='ltr'><strong>toto</strong></span> <span class='ocrx_word' id='word_1_39' title='bbox 1075 1985 1263 2052; x_wconf 79' lang='lat' dir='ltr'><strong>eorde</strong></span> <span class='ocrx_word' id='word_1_40' title='bbox 1299 1983 1403 2050; x_wconf 87' lang='lat' dir='ltr'><strong>dei</strong></span> <span class='ocrx_word' id='word_1_41' title='bbox 1436 1984 1567 2070; x_wconf 88' lang='lat' dir='ltr'><strong>legi</strong></span> <span class='ocrx_word' id='word_1_42' title='bbox 1604 1985 2000 2070; x_wconf 74' lang='lat' dir='ltr'><strong>obtemperat</strong></span> <span class='ocrx_word' id='word_1_43' title='bbox 2031 2005 2147 2053; x_wconf 82' lang='lat' dir='ltr'><strong>nec</strong></span> <span class='ocrx_word' id='word_1_44' title='bbox 2184 1986 2263 2053; x_wconf 92' lang='lat' dir='ltr'><strong>de</strong></span> <span class='ocrx_word' id='word_1_45' title='bbox 2296 1987 2632 2073; x_wconf 82' lang='lat' dir='ltr'><strong>promiaaia</strong></span> 
     </span>
    </p>

    <p class='ocr_par' dir='ltr' id='par_1_4' title="bbox 272 2087 2635 2262">
     <span class='ocr_line' id='line_1_7' title="bbox 272 2087 2635 2176; baseline 0.002 -23"><span class='ocrx_word' id='word_1_46' title='bbox 272 2106 318 2153; x_wconf 64' lang='lat' dir='ltr'><strong>a</strong></span> <span class='ocrx_word' id='word_1_47' title='bbox 356 2087 631 2170; x_wconf 85' lang='lat' dir='ltr'><strong>dubitat,</strong></span> <span class='ocrx_word' id='word_1_48' title='bbox 668 2093 734 2155; x_wconf 86' lang='lat' dir='ltr'><strong>et</strong></span> <span class='ocrx_word' id='word_1_49' title='bbox 767 2089 831 2156; x_wconf 87' lang='lat' dir='ltr'><strong>in</strong></span> <span class='ocrx_word' id='word_1_50' title='bbox 870 2089 1125 2157; x_wconf 83' lang='lat' dir='ltr'><strong>aaeoulo</strong></span> <span class='ocrx_word' id='word_1_51' title='bbox 1162 2107 1378 2156; x_wconf 79' lang='lat' dir='ltr'><strong>euram</strong></span> <span class='ocrx_word' id='word_1_52' title='bbox 1413 2090 1554 2157; x_wconf 84' lang='lat' dir='ltr'><strong>eiua</strong></span> <span class='ocrx_word' id='word_1_53' title='bbox 1592 2091 1730 2176; x_wconf 86' lang='lat' dir='ltr'><strong>agit</strong></span> <span class='ocrx_word' id='word_1_54' title='bbox 1761 2090 1920 2157; x_wconf 76' lang='lat' dir='ltr'><strong>deus</strong></span> <span class='ocrx_word' id='word_1_55' title='bbox 1964 2094 2034 2158; x_wconf 84' lang='lat' dir='ltr'><strong>et</strong></span> <span class='ocrx_word' id='word_1_56' title='bbox 2076 2091 2140 2158; x_wconf 88' lang='lat' dir='ltr'><strong>in</strong></span> <span class='ocrx_word' id='word_1_57' title='bbox 2178 2092 2393 2160; x_wconf 76' lang='lat' dir='ltr'><strong>futuro</strong></span> <span class='ocrx_word' id='word_1_58' title='bbox 2441 2093 2635 2160; x_wconf 84' lang='lat' dir='ltr'><strong>donat</strong></span> 
     </span>
     <span class='ocr_line' id='line_1_8' title="bbox 354 2194 1037 2262; baseline 0.004 -3"><span class='ocrx_word' id='word_1_59' title='bbox 354 2194 544 2259; x_wconf 91' lang='lat' dir='ltr'><strong>illum</strong></span> <span class='ocrx_word' id='word_1_60' title='bbox 586 2195 722 2260; x_wconf 89' lang='lat' dir='ltr'><strong>uita</strong></span> <span class='ocrx_word' id='word_1_61' title='bbox 765 2198 1037 2262; x_wconf 83' lang='lat' dir='ltr'><strong>aeterua.</strong></span> 
     </span>
    </p>

    <p class='ocr_par' dir='ltr' id='par_1_5' title="bbox 358 2299 2636 2601">
     <span class='ocr_line' id='line_1_9' title="bbox 448 2299 2634 2388; baseline 0.003 -23"><span class='ocrx_word' id='word_1_62' title='bbox 448 2299 509 2365; x_wconf 86' lang='grc'><strong>7.</strong></span> <span class='ocrx_word' id='word_1_63' title='bbox 553 2300 674 2366; x_wconf 77' lang='lat' dir='ltr'><strong>Bet</strong></span> <span class='ocrx_word' id='word_1_64' title='bbox 733 2300 924 2367; x_wconf 82' lang='lat' dir='ltr'><strong>etiam</strong></span> <span class='ocrx_word' id='word_1_65' title='bbox 985 2300 1160 2366; x_wconf 87' lang='lat' dir='ltr'><strong>aliud</strong></span> <span class='ocrx_word' id='word_1_66' title='bbox 1214 2301 1384 2385; x_wconf 86' lang='lat' dir='ltr'><strong>quod</strong></span> <span class='ocrx_word' id='word_1_67' title='bbox 1437 2320 1554 2369; x_wconf 88' lang='lat' dir='ltr'><strong>noa</strong></span> <span class='ocrx_word' id='word_1_68' title='bbox 1607 2303 1845 2368; x_wconf 84' lang='lat' dir='ltr'><strong>inuitat</strong></span> <span class='ocrx_word' id='word_1_69' title='bbox 1895 2303 1978 2369; x_wconf 88' lang='lat' dir='ltr'><strong>ad</strong></span> <span class='ocrx_word' id='word_1_70' title='bbox 2031 2303 2248 2370; x_wconf 90' lang='lat' dir='ltr'><strong>diuina</strong></span> <span class='ocrx_word' id='word_1_71' title='bbox 2309 2304 2634 2388; x_wconf 80' lang='lat' dir='ltr'><strong>obaequia.</strong></span> 
     </span>
     <span class='ocr_line' id='line_1_10' title="bbox 358 2405 2635 2478; baseline 0.004 -8"><span class='ocrx_word' id='word_1_72' title='bbox 358 2409 619 2472; x_wconf 80' lang='lat' dir='ltr'><strong>aanotua</strong></span> <span class='ocrx_word' id='word_1_73' title='bbox 664 2405 832 2473; x_wconf 89' lang='lat' dir='ltr'><strong>enim</strong></span> <span class='ocrx_word' id='word_1_74' title='bbox 876 2407 1110 2473; x_wconf 76' lang='lat' dir='ltr'><strong>Tobiae</strong></span> <span class='ocrx_word' id='word_1_75' title='bbox 1153 2426 1277 2474; x_wconf 90' lang='lat' dir='ltr'><strong>uon</strong></span> <span class='ocrx_word' id='word_1_76' title='bbox 1331 2408 1540 2475; x_wconf 83' lang='lat' dir='ltr'><strong>aolum</strong></span> <span class='ocrx_word' id='word_1_77' title='bbox 1593 2408 1881 2475; x_wconf 72' lang='lat' dir='ltr'><strong>iustitiae</strong></span> <span class='ocrx_word' id='word_1_78' title='bbox 1933 2420 2088 2476; x_wconf 79' lang='lat' dir='ltr'><strong>auae</strong></span> <span class='ocrx_word' id='word_1_79' title='bbox 2139 2410 2368 2477; x_wconf 85' lang='lat' dir='ltr'><strong>merita</strong></span> <span class='ocrx_word' id='word_1_80' title='bbox 2417 2429 2635 2478; x_wconf 80' lang='lat' dir='ltr'><strong>conae·</strong></span> 
     </span>
     <span class='ocr_line' id='line_1_11' title="bbox 359 2511 2636 2601; baseline 0.003 -24"><span class='ocrx_word' id='word_1_81' title='bbox 359 2514 552 2577; x_wconf 76' lang='lat' dir='ltr'><strong>cutus</strong></span> <span class='ocrx_word' id='word_1_82' title='bbox 614 2515 736 2591; x_wconf 83' lang='lat' dir='ltr'><strong>eat,</strong></span> <span class='ocrx_word' id='word_1_83' title='bbox 800 2511 950 2595; x_wconf 85' lang='lat' dir='ltr'><strong>quia</strong></span> <span class='ocrx_word' id='word_1_84' title='bbox 1003 2512 1250 2580; x_wconf 79' lang='lat' dir='ltr'><strong>aceedit</strong></span> <span class='ocrx_word' id='word_1_85' title='bbox 1303 2513 1385 2580; x_wconf 86' lang='lat' dir='ltr'><strong>ad</strong></span> <span class='ocrx_word' id='word_1_86' title='bbox 1437 2514 1761 2581; x_wconf 75' lang='lat' dir='ltr'><strong>cumulum</strong></span> <span class='ocrx_word' id='word_1_87' title='bbox 1828 2515 2066 2601; x_wconf 84' lang='lat' dir='ltr'><strong>gloriae</strong></span> <span class='ocrx_word' id='word_1_88' title='bbox 2121 2516 2260 2582; x_wconf 84' lang='lat' dir='ltr'><strong>eiua</strong></span> <span class='ocrx_word' id='word_1_89' title='bbox 2315 2515 2508 2583; x_wconf 87' lang='lat' dir='ltr'><strong>etiam</strong></span> <span class='ocrx_word' id='word_1_90' title='bbox 2561 2536 2636 2583; x_wconf 89' lang='lat' dir='ltr'><strong>ex</strong></span> 
     </span>
    </p>

    <p class='ocr_par' dir='ltr' id='par_1_6' title="bbox 262 2616 2638 2915">
     <span class='ocr_line' id='line_1_12' title="bbox 262 2616 2635 2716; baseline 0.005 -40"><span class='ocrx_word' id='word_1_91' title='bbox 262 2632 324 2678; x_wconf 71' lang='lat' dir='ltr'><strong>no</strong></span> <span class='ocrx_word' id='word_1_92' title='bbox 359 2634 580 2682; x_wconf 86' lang='lat' dir='ltr'><strong>eorum</strong></span> <span class='ocrx_word' id='word_1_93' title='bbox 604 2616 788 2686; x_wconf 85' lang='lat' dir='ltr'><strong>bonia</strong></span> <span class='ocrx_word' id='word_1_94' title='bbox 825 2616 935 2700; x_wconf 86' lang='lat' dir='ltr'><strong>qui</strong></span> <span class='ocrx_word' id='word_1_95' title='bbox 966 2616 1324 2684; x_wconf 71' lang='lat' dir='ltr'><strong>imitatores</strong></span> <span class='ocrx_word' id='word_1_96' title='bbox 1359 2617 1499 2685; x_wconf 83' lang='lat' dir='ltr'><strong>eiue</strong></span> <span class='ocrx_word' id='word_1_97' title='bbox 1536 2619 1869 2685; x_wconf 76' lang='lat' dir='ltr'><strong>exsistunt.</strong></span> <span class='ocrx_word' id='word_1_98' title='bbox 1907 2619 1971 2685; x_wconf 89' lang='lat' dir='ltr'><strong>in</strong></span> <span class='ocrx_word' id='word_1_99' title='bbox 2008 2619 2438 2716; x_wconf 73' lang='lat' dir='ltr'><strong>imitatoribus</strong></span> <span class='ocrx_word' id='word_1_100' title='bbox 2466 2623 2635 2688; x_wconf 89' lang='lat' dir='ltr'><strong>euim</strong></span> 
     </span>
     <span class='ocr_line' id='line_1_13' title="bbox 361 2721 2638 2811; baseline 0.003 -24"><span class='ocrx_word' id='word_1_101' title='bbox 361 2723 645 2805; x_wconf 83' lang='lat' dir='ltr'><strong>exempla</strong></span> <span class='ocrx_word' id='word_1_102' title='bbox 696 2721 1056 2803; x_wconf 72' lang='lat' dir='ltr'><strong>laudantur,</strong></span> <span class='ocrx_word' id='word_1_103' title='bbox 1121 2724 1291 2807; x_wconf 87' lang='lat' dir='ltr'><strong>quod</strong></span> <span class='ocrx_word' id='word_1_104' title='bbox 1345 2724 1542 2810; x_wconf 11' lang='lat' dir='ltr'><strong>nebia*</strong></span> <span class='ocrx_word' id='word_1_105' title='bbox 1585 2743 1839 2810; x_wconf 90' lang='lat' dir='ltr'><strong>quoque</strong></span> <span class='ocrx_word' id='word_1_106' title='bbox 1892 2727 2128 2811; x_wconf 83' lang='lat' dir='ltr'><strong>poterit</strong></span> <span class='ocrx_word' id='word_1_107' title='bbox 2179 2727 2531 2810; x_wconf 86' lang='lat' dir='ltr'><strong>prouenire,</strong></span> <span class='ocrx_word' id='word_1_108' title='bbox 2579 2727 2638 2794; x_wconf 84' lang='lat' dir='ltr'><strong>ai</strong></span> 
     </span>
     <span class='ocr_line' id='line_1_14' title="bbox 362 2828 2388 2915; baseline 0.003 -22"><span class='ocrx_word' id='word_1_109' title='bbox 362 2829 456 2893; x_wconf 83' lang='lat' dir='ltr'><strong>aio</strong></span> <span class='ocrx_word' id='word_1_110' title='bbox 501 2828 867 2909; x_wconf 85' lang='lat' dir='ltr'><strong>uixerimua,</strong></span> <span class='ocrx_word' id='word_1_111' title='bbox 914 2832 988 2895; x_wconf 89' lang='lat' dir='ltr'><strong>ut</strong></span> <span class='ocrx_word' id='word_1_112' title='bbox 1030 2828 1295 2915; x_wconf 89' lang='lat' dir='ltr'><strong>dignum</strong></span> <span class='ocrx_word' id='word_1_113' title='bbox 1340 2830 1430 2896; x_wconf 84' lang='lat' dir='ltr'><strong>ait</strong></span> <span class='ocrx_word' id='word_1_114' title='bbox 1472 2834 1539 2897; x_wconf 85' lang='lat' dir='ltr'><strong>et</strong></span> <span class='ocrx_word' id='word_1_115' title='bbox 1580 2849 1695 2897; x_wconf 83' lang='lat' dir='ltr'><strong>noa</strong></span> <span class='ocrx_word' id='word_1_116' title='bbox 1739 2831 2094 2899; x_wconf 73' lang='lat' dir='ltr'><strong>imitatores</strong></span> <span class='ocrx_word' id='word_1_117' title='bbox 2137 2832 2388 2907; x_wconf 74' lang='lat' dir='ltr'><strong>habere.</strong></span> 
     </span>
    </p>
   </div>
   <div class='ocr_carea' id='block_1_4' title="bbox 1134 3089 1874 3159">
    <p class='ocr_par' dir='ltr' id='par_1_7' title="bbox 1134 3089 1874 3159">
     <span class='ocr_line' id='line_1_15' title="bbox 1134 3089 1874 3159; baseline -0.001 -2"><span class='ocrx_word' id='word_1_118' title='bbox 1134 3089 1323 3157; x_wconf 84' lang='lat' dir='ltr'>CXX.</span> <span class='ocrx_word' id='word_1_119' title='bbox 1369 3091 1482 3156; x_wconf 72' lang='lat' dir='ltr'><strong>1&gt;ss</strong></span> <span class='ocrx_word' id='word_1_120' title='bbox 1525 3090 1874 3159; x_wconf 78' lang='lat' dir='ltr'><strong>IEIUNIO.</strong></span> 
     </span>
    </p>
   </div>
   <div class='ocr_carea' id='block_1_5' title="bbox 268 3227 2643 4479">
    <p class='ocr_par' dir='ltr' id='par_1_8' title="bbox 458 3227 2641 3316">
     <span class='ocr_line' id='line_1_16' title="bbox 458 3227 2641 3316; baseline 0.002 -20"><span class='ocrx_word' id='word_1_121' title='bbox 458 3232 515 3296; x_wconf 92' lang='lat'><strong>1.</strong></span> <span class='ocrx_word' id='word_1_122' title='bbox 561 3227 928 3316; x_wconf 81' lang='lat' dir='ltr'><strong>congruum</strong></span> <span class='ocrx_word' id='word_1_123' title='bbox 972 3234 1091 3310; x_wconf 80' lang='lat' dir='ltr'><strong>eet,</strong></span> <span class='ocrx_word' id='word_1_124' title='bbox 1137 3232 1364 3298; x_wconf 80' lang='lat' dir='ltr'><strong>fratrea</strong></span> <span class='ocrx_word' id='word_1_125' title='bbox 1418 3231 1756 3313; x_wconf 72' lang='lat' dir='ltr'>carissimi,</span> <span class='ocrx_word' id='word_1_126' title='bbox 1812 3231 2227 3299; x_wconf 78' lang='lat' dir='ltr'><strong>deuotissime</strong></span> <span class='ocrx_word' id='word_1_127' title='bbox 2280 3231 2384 3299; x_wconf 89' lang='lat' dir='ltr'><strong>dei</strong></span> <span class='ocrx_word' id='word_1_128' title='bbox 2436 3252 2641 3300; x_wconf 81' lang='lat' dir='ltr'><strong>eaoer-</strong></span> 
     </span>
    </p>

    <p class='ocr_par' dir='ltr' id='par_1_9' title="bbox 268 3335 2643 4479">
     <span class='ocr_line' id='line_1_17' title="bbox 268 3335 2641 3424; baseline 0.003 -24"><span class='ocrx_word' id='word_1_129' title='bbox 268 3363 330 3408; x_wconf 67' lang='lat'><strong>15</strong></span> <span class='ocrx_word' id='word_1_130' title='bbox 364 3335 581 3402; x_wconf 90' lang='lat' dir='ltr'><strong>dotem</strong></span> <span class='ocrx_word' id='word_1_131' title='bbox 609 3339 679 3402; x_wconf 84' lang='lat' dir='ltr'><strong>et</strong></span> <span class='ocrx_word' id='word_1_132' title='bbox 700 3337 1129 3421; x_wconf 74' lang='lat' dir='ltr'><strong>praepositum</strong></span> <span class='ocrx_word' id='word_1_133' title='bbox 1164 3336 1369 3423; x_wconf 83' lang='lat' dir='ltr'><strong>plebia</strong></span> <span class='ocrx_word' id='word_1_134' title='bbox 1407 3336 1647 3404; x_wconf 77' lang='lat' dir='ltr'><strong>Christi</strong></span> <span class='ocrx_word' id='word_1_135' title='bbox 1683 3338 1950 3404; x_wconf 85' lang='lat' dir='ltr'><strong>exortari</strong></span> <span class='ocrx_word' id='word_1_136' title='bbox 1984 3339 2292 3424; x_wconf 83' lang='lat' dir='ltr'><strong>populum</strong></span> <span class='ocrx_word' id='word_1_137' title='bbox 2329 3339 2449 3405; x_wconf 88' lang='lat' dir='ltr'><strong>aub</strong></span> <span class='ocrx_word' id='word_1_138' title='bbox 2488 3355 2641 3407; x_wconf 82' lang='lat' dir='ltr'><strong>cura</strong></span> 
     </span>
     <span class='ocr_line' id='line_1_18' title="bbox 366 3443 2640 3531; baseline -0.001 -19"><span class='ocrx_word' id='word_1_139' title='bbox 366 3461 486 3512; x_wconf 74' lang='lat' dir='ltr'><strong>sua</strong></span> <span class='ocrx_word' id='word_1_140' title='bbox 528 3443 809 3526; x_wconf 71' lang='lat' dir='ltr'><strong>positum</strong></span> <span class='ocrx_word' id='word_1_141' title='bbox 843 3444 910 3510; x_wconf 89' lang='lat' dir='ltr'><strong>in</strong></span> <span class='ocrx_word' id='word_1_142' title='bbox 947 3443 1232 3511; x_wconf 79' lang='lat' dir='ltr'><strong>doctrina</strong></span> <span class='ocrx_word' id='word_1_143' title='bbox 1266 3462 1440 3523; x_wconf 84' lang='lat' dir='ltr'><strong>aana,</strong></span> <span class='ocrx_word' id='word_1_144' title='bbox 1477 3445 1647 3511; x_wconf 79' lang='lat' dir='ltr'><strong>siout</strong></span> <span class='ocrx_word' id='word_1_145' title='bbox 1678 3445 1937 3511; x_wconf 90' lang='lat' dir='ltr'><strong>mandat</strong></span> <span class='ocrx_word' id='word_1_146' title='bbox 1979 3446 2332 3531; x_wconf 75' lang='lat' dir='ltr'><strong>apostolus,</strong></span> <span class='ocrx_word' id='word_1_147' title='bbox 2368 3449 2446 3511; x_wconf 85' lang='lat' dir='ltr'><strong>ut</strong></span> <span class='ocrx_word' id='word_1_148' title='bbox 2479 3464 2640 3530; x_wconf 79' lang='lat' dir='ltr'><strong>opus</strong></span> 
     </span>
     <span class='ocr_line' id='line_1_19' title="bbox 366 3547 2642 3637; baseline 0.002 -26"><span class='ocrx_word' id='word_1_149' title='bbox 366 3547 515 3614; x_wconf 81' lang='lat' dir='ltr'><strong>fidei</strong></span> <span class='ocrx_word' id='word_1_150' title='bbox 559 3567 671 3633; x_wconf 83' lang='lat' dir='ltr'><strong>pro</strong></span> <span class='ocrx_word' id='word_1_151' title='bbox 717 3548 1019 3633; x_wconf 77' lang='lat' dir='ltr'><strong>temporie</strong></span> <span class='ocrx_word' id='word_1_152' title='bbox 1066 3548 1507 3616; x_wconf 75' lang='lat' dir='ltr'><strong>obseruatione</strong></span> <span class='ocrx_word' id='word_1_153' title='bbox 1552 3551 1725 3616; x_wconf 91' lang='lat' dir='ltr'><strong>omni</strong></span> <span class='ocrx_word' id='word_1_154' title='bbox 1768 3562 1921 3617; x_wconf 83' lang='lat' dir='ltr'><strong>cura</strong></span> <span class='ocrx_word' id='word_1_155' title='bbox 1956 3549 2411 3637; x_wconf 70' lang='lat' dir='ltr'><strong>diligentiaque</strong></span> <span class='ocrx_word' id='word_1_156' title='bbox 2448 3551 2642 3617; x_wconf 83' lang='lat' dir='ltr'><strong>alacri</strong></span> 
     </span>
     <span class='ocr_line' id='line_1_20' title="bbox 365 3652 2640 3741; baseline 0.001 -20"><span class='ocrx_word' id='word_1_157' title='bbox 365 3659 433 3721; x_wconf 83' lang='lat' dir='ltr'><strong>et</strong></span> <span class='ocrx_word' id='word_1_158' title='bbox 494 3653 726 3721; x_wconf 82' lang='lat' dir='ltr'><strong>denoto</strong></span> <span class='ocrx_word' id='word_1_159' title='bbox 790 3652 999 3719; x_wconf 88' lang='lat' dir='ltr'><strong>animo</strong></span> <span class='ocrx_word' id='word_1_160' title='bbox 1064 3654 1388 3721; x_wconf 78' lang='lat' dir='ltr'><strong>faciamus.</strong></span> <span class='ocrx_word' id='word_1_161' title='bbox 1441 3655 1679 3721; x_wconf 87' lang='lat' dir='ltr'><strong>ieiunia</strong></span> <span class='ocrx_word' id='word_1_162' title='bbox 1722 3657 1976 3734; x_wconf 89' lang='lat' dir='ltr'><strong>etenim,</strong></span> <span class='ocrx_word' id='word_1_163' title='bbox 2026 3676 2186 3741; x_wconf 89' lang='lat' dir='ltr'><strong>quae</strong></span> <span class='ocrx_word' id='word_1_164' title='bbox 2239 3676 2407 3723; x_wconf 86' lang='lat' dir='ltr'><strong>nuno</strong></span> <span class='ocrx_word' id='word_1_165' title='bbox 2458 3658 2640 3723; x_wconf 90' lang='lat' dir='ltr'><strong>inmi-</strong></span> 
     </span>
     <span class='ocr_line' id='line_1_21' title="bbox 365 3758 2639 3847; baseline 0.001 -23"><span class='ocrx_word' id='word_1_166' title='bbox 365 3764 553 3827; x_wconf 88' lang='lat' dir='ltr'><strong>nente</strong></span> <span class='ocrx_word' id='word_1_167' title='bbox 616 3758 718 3829; x_wconf 88' lang='lat' dir='ltr'><strong>die</strong></span> <span class='ocrx_word' id='word_1_168' title='bbox 798 3759 962 3826; x_wconf 83' lang='lat' dir='ltr'><strong>feato</strong></span> <span class='ocrx_word' id='word_1_169' title='bbox 1042 3759 1314 3845; x_wconf 75' lang='lat' dir='ltr'><strong>paschae</strong></span> <span class='ocrx_word' id='word_1_170' title='bbox 1385 3759 1758 3826; x_wconf 73' lang='lat' dir='ltr'><strong>celebranda</strong></span> <span class='ocrx_word' id='word_1_171' title='bbox 1828 3766 2000 3840; x_wconf 85' lang='lat' dir='ltr'><strong>aunt,</strong></span> <span class='ocrx_word' id='word_1_172' title='bbox 2065 3762 2219 3846; x_wconf 89' lang='lat' dir='ltr'><strong>quid</strong></span> <span class='ocrx_word' id='word_1_173' title='bbox 2288 3763 2639 3847; x_wconf 83' lang='lat' dir='ltr'><strong>proficiant,</strong></span> 
     </span>
     <span class='ocr_line' id='line_1_22' title="bbox 273 3865 2642 3950; baseline -0 -15"><span class='ocrx_word' id='word_1_174' title='bbox 273 3892 334 3936; x_wconf 77' lang='lat' dir='ltr'><strong>ao</strong></span> <span class='ocrx_word' id='word_1_175' title='bbox 369 3865 664 3950; x_wconf 80' lang='lat' dir='ltr'><strong>quamuis</strong></span> <span class='ocrx_word' id='word_1_176' title='bbox 744 3884 870 3931; x_wconf 90' lang='lat' dir='ltr'><strong>non</strong></span> <span class='ocrx_word' id='word_1_177' title='bbox 947 3866 1164 3945; x_wconf 86' lang='lat' dir='ltr'><strong>lateat,</strong></span> <span class='ocrx_word' id='word_1_178' title='bbox 1252 3865 1450 3931; x_wconf 78' lang='lat' dir='ltr'><strong>taceri</strong></span> <span class='ocrx_word' id='word_1_179' title='bbox 1538 3868 1749 3932; x_wconf 84' lang='lat' dir='ltr'><strong>tamen</strong></span> <span class='ocrx_word' id='word_1_180' title='bbox 1838 3885 1959 3933; x_wconf 91' lang='lat' dir='ltr'><strong>non</strong></span> <span class='ocrx_word' id='word_1_181' title='bbox 2050 3867 2255 3933; x_wconf 89' lang='lat' dir='ltr'><strong>debet.</strong></span> <span class='ocrx_word' id='word_1_182' title='bbox 2342 3868 2642 3934; x_wconf 79' lang='lat' dir='ltr'><strong>incitatur</strong></span> 
     </span>
     <span class='ocr_line' id='line_1_23' title="bbox 367 3970 2641 4058; baseline 0.002 -21"><span class='ocrx_word' id='word_1_183' title='bbox 367 3972 536 4037; x_wconf 90' lang='lat' dir='ltr'><strong>enim</strong></span> <span class='ocrx_word' id='word_1_184' title='bbox 618 3970 895 4050; x_wconf 88' lang='lat' dir='ltr'><strong>deuotio,</strong></span> <span class='ocrx_word' id='word_1_185' title='bbox 969 3970 1217 4052; x_wconf 83' lang='lat' dir='ltr'><strong>quaudo</strong></span> <span class='ocrx_word' id='word_1_186' title='bbox 1293 3989 1368 4036; x_wconf 80' lang='lat' dir='ltr'><strong>ea</strong></span> <span class='ocrx_word' id='word_1_187' title='bbox 1430 3988 1608 4055; x_wconf 85' lang='lat' dir='ltr'><strong>quae,</strong></span> <span class='ocrx_word' id='word_1_188' title='bbox 1682 3970 1834 4038; x_wconf 83' lang='lat' dir='ltr'><strong>licet</strong></span> <span class='ocrx_word' id='word_1_189' title='bbox 1905 3991 2025 4038; x_wconf 90' lang='lat' dir='ltr'><strong>nou</strong></span> <span class='ocrx_word' id='word_1_190' title='bbox 2096 3973 2485 4058; x_wconf 82' lang='lat' dir='ltr'><strong>ignorantur,</strong></span> <span class='ocrx_word' id='word_1_191' title='bbox 2547 3993 2641 4041; x_wconf 86' lang='lat' dir='ltr'><strong>re·</strong></span> 
     </span>
     <span class='ocr_line' id='line_1_24' title="bbox 367 4075 2643 4160; baseline 0.002 -20"><span class='ocrx_word' id='word_1_192' title='bbox 367 4079 703 4141; x_wconf 77' lang='lat' dir='ltr'><strong>censentur</strong></span> <span class='ocrx_word' id='word_1_193' title='bbox 753 4078 984 4141; x_wconf 86' lang='lat' dir='ltr'><strong>tamen.</strong></span> <span class='ocrx_word' id='word_1_194' title='bbox 1026 4075 1153 4140; x_wconf 87' lang='lat' dir='ltr'><strong>tale</strong></span> <span class='ocrx_word' id='word_1_195' title='bbox 1210 4078 1309 4140; x_wconf 84' lang='lat' dir='ltr'><strong>eat</strong></span> <span class='ocrx_word' id='word_1_196' title='bbox 1353 4075 1523 4142; x_wconf 88' lang='lat' dir='ltr'><strong>enim</strong></span> <span class='ocrx_word' id='word_1_197' title='bbox 1573 4075 1900 4160; x_wconf 82' lang='lat' dir='ltr'><strong>ingenium</strong></span> <span class='ocrx_word' id='word_1_198' title='bbox 1946 4080 2207 4147; x_wconf 80' lang='lat' dir='ltr'><strong>natutae</strong></span> <span class='ocrx_word' id='word_1_199' title='bbox 2251 4081 2520 4158; x_wconf 76' lang='lat' dir='ltr'><strong>nostrae,</strong></span> <span class='ocrx_word' id='word_1_200' title='bbox 2569 4082 2643 4145; x_wconf 90' lang='lat' dir='ltr'><strong>ut</strong></span> 
     </span>
     <span class='ocr_line' id='line_1_25' title="bbox 364 4181 2641 4265; baseline 0.001 -17"><span class='ocrx_word' id='word_1_201' title='bbox 364 4184 707 4265; x_wconf 78' lang='lat' dir='ltr'><strong>torpescat,</strong></span> <span class='ocrx_word' id='word_1_202' title='bbox 755 4181 812 4246; x_wconf 85' lang='lat' dir='ltr'><strong>ai</strong></span> <span class='ocrx_word' id='word_1_203' title='bbox 856 4200 1014 4248; x_wconf 78' lang='lat' dir='ltr'><strong>unua</strong></span> <span class='ocrx_word' id='word_1_204' title='bbox 1061 4181 1379 4248; x_wconf 79' lang='lat' dir='ltr'><strong>destiterit</strong></span> <span class='ocrx_word' id='word_1_205' title='bbox 1420 4181 1737 4261; x_wconf 71' lang='lat' dir='ltr'><strong>lectionis,</strong></span> <span class='ocrx_word' id='word_1_206' title='bbox 1792 4182 1944 4265; x_wconf 86' lang='lat' dir='ltr'><strong>quia</strong></span> <span class='ocrx_word' id='word_1_207' title='bbox 1997 4182 2166 4248; x_wconf 78' lang='lat' dir='ltr'><strong>siout</strong></span> <span class='ocrx_word' id='word_1_208' title='bbox 2217 4184 2472 4261; x_wconf 84' lang='lat' dir='ltr'><strong>serrum,</strong></span> <span class='ocrx_word' id='word_1_209' title='bbox 2516 4184 2641 4250; x_wconf 89' lang='lat' dir='ltr'><strong>niai</strong></span> 
     </span>
     <span class='ocr_line' id='line_1_26' title="bbox 365 4285 2642 4371; baseline 0.001 -21"><span class='ocrx_word' id='word_1_210' title='bbox 365 4305 554 4351; x_wconf 72' lang='lat' dir='ltr'><strong>usum</strong></span> <span class='ocrx_word' id='word_1_211' title='bbox 603 4286 846 4365; x_wconf 79' lang='lat' dir='ltr'><strong>feeerit,</strong></span> <span class='ocrx_word' id='word_1_212' title='bbox 892 4286 1214 4370; x_wconf 88' lang='lat' dir='ltr'><strong>eruginem</strong></span> <span class='ocrx_word' id='word_1_213' title='bbox 1261 4288 1542 4370; x_wconf 84' lang='lat' dir='ltr'><strong>generat,</strong></span> <span class='ocrx_word' id='word_1_214' title='bbox 1587 4285 1679 4353; x_wconf 82' lang='lat' dir='ltr'><strong>ita</strong></span> <span class='ocrx_word' id='word_1_215' title='bbox 1723 4290 1789 4353; x_wconf 79' lang='lat' dir='ltr'><strong>et</strong></span> <span class='ocrx_word' id='word_1_216' title='bbox 1822 4286 2054 4367; x_wconf 90' lang='lat' dir='ltr'><strong>anima,</strong></span> <span class='ocrx_word' id='word_1_217' title='bbox 2089 4288 2214 4354; x_wconf 76' lang='lat' dir='ltr'><strong>nisi</strong></span> <span class='ocrx_word' id='word_1_218' title='bbox 2250 4307 2321 4355; x_wconf 86' lang='lat' dir='ltr'><strong>ae</strong></span> <span class='ocrx_word' id='word_1_219' title='bbox 2356 4288 2642 4371; x_wconf 80' lang='lat' dir='ltr'><strong>frequen·</strong></span> 
     </span>
     <span class='ocr_line' id='line_1_27' title="bbox 277 4391 2639 4479; baseline -0 -18"><span class='ocrx_word' id='word_1_220' title='bbox 277 4419 332 4462; x_wconf 73' lang='grc' dir='ltr'><strong>ιο</strong></span> <span class='ocrx_word' id='word_1_221' title='bbox 365 4393 499 4457; x_wconf 79' lang='lat' dir='ltr'><strong>tius</strong></span> <span class='ocrx_word' id='word_1_222' title='bbox 547 4391 785 4458; x_wconf 77' lang='lat' dir='ltr'><strong>diuinis</strong></span> <span class='ocrx_word' id='word_1_223' title='bbox 829 4391 1177 4458; x_wconf 83' lang='lat' dir='ltr'><strong>exercuerit</strong></span> <span class='ocrx_word' id='word_1_224' title='bbox 1216 4392 1619 4471; x_wconf 71' lang='lat' dir='ltr'><strong>lectionibus,</strong></span> <span class='ocrx_word' id='word_1_225' title='bbox 1666 4397 2001 4459; x_wconf 74' lang='lat' dir='ltr'><strong>nascentur</strong></span> <span class='ocrx_word' id='word_1_226' title='bbox 2044 4391 2142 4458; x_wconf 88' lang='lat' dir='ltr'><strong>illi</strong></span> <span class='ocrx_word' id='word_1_227' title='bbox 2173 4399 2452 4479; x_wconf 78' lang='lat' dir='ltr'><strong>peecata.</strong></span> <span class='ocrx_word' id='word_1_228' title='bbox 2491 4393 2639 4460; x_wconf 87' lang='lat' dir='ltr'><strong>hino</strong></span> 
     </span>
    </p>
   </div>
   <div class='ocr_carea' id='block_1_6' title="bbox 549 4648 1688 4719">
    <p class='ocr_par' dir='ltr' id='par_1_10' title="bbox 549 4648 1688 4719">
     <span class='ocr_line' id='line_1_28' title="bbox 549 4648 1688 4719; baseline 0.001 -14"><span class='ocrx_word' id='word_1_229' title='bbox 549 4653 583 4706; x_wconf 87' lang='lat'>5</span> <span class='ocrx_word' id='word_1_230' title='bbox 621 4649 690 4705; x_wconf 65' lang='lat' dir='ltr'><strong>ot</strong></span> <span class='ocrx_word' id='word_1_231' title='bbox 726 4648 933 4705; x_wconf 74' lang='lat' dir='ltr'><strong>11’etr.</strong></span> <span class='ocrx_word' id='word_1_232' title='bbox 972 4652 1024 4717; x_wconf 82' lang='lat'><strong>5,</strong></span> <span class='ocrx_word' id='word_1_233' title='bbox 1061 4650 1091 4702; x_wconf 90' lang='grc'><strong>7</strong></span> <span class='ocrx_word' id='word_1_234' title='bbox 1205 4650 1271 4706; x_wconf 78' lang='grc'><strong>16</strong></span> <span class='ocrx_word' id='word_1_235' title='bbox 1309 4648 1377 4706; x_wconf 76' lang='lat' dir='ltr'><strong>ef.</strong></span> <span class='ocrx_word' id='word_1_236' title='bbox 1415 4649 1523 4705; x_wconf 80' lang='lat' dir='ltr'><strong>Tit.</strong></span> <span class='ocrx_word' id='word_1_237' title='bbox 1567 4651 1615 4719; x_wconf 88' lang='lat'><strong>1,</strong></span> <span class='ocrx_word' id='word_1_238' title='bbox 1652 4652 1688 4706; x_wconf 80' lang='lat'>9</span> 
     </span>
    </p>
   </div>
   <div class='ocr_carea' id='block_1_7' title="bbox 366 4807 2648 5410">
    <p class='ocr_par' dir='ltr' id='par_1_11' title="bbox 366 4807 2648 5410">
     <span class='ocr_line' id='line_1_29' title="bbox 445 4807 2638 4880; baseline 0.001 -18"><span class='ocrx_word' id='word_1_239' title='bbox 445 4809 471 4862; x_wconf 89' lang='lat'>1</span> <span class='ocrx_word' id='word_1_240' title='bbox 501 4807 719 4871; x_wconf 79' lang='lat' dir='ltr'><strong>‚lumina</strong></span> <span class='ocrx_word' id='word_1_241' title='bbox 753 4807 984 4880; x_wconf 67' lang='lat' dir='ltr'><strong>ditatus]</strong></span> <span class='ocrx_word' id='word_1_242' title='bbox 1021 4808 1203 4864; x_wconf 78' lang='lat' dir='ltr'><strong>lumen</strong></span> <span class='ocrx_word' id='word_1_243' title='bbox 1238 4808 1483 4865; x_wconf 82' lang='lat' dir='ltr'><strong>aditatua</strong></span> <span class='ocrx_word' id='word_1_244' title='bbox 1525 4809 1573 4864; x_wconf 83' lang='lat'><em>0</em></span> <span class='ocrx_word' id='word_1_245' title='bbox 1601 4811 1786 4865; x_wconf 81' lang='lat' dir='ltr'><strong>lumen</strong></span> <span class='ocrx_word' id='word_1_246' title='bbox 1823 4826 1885 4864; x_wconf 79' lang='lat' dir='ltr'><strong>ao</strong></span> <span class='ocrx_word' id='word_1_247' title='bbox 1923 4807 2128 4864; x_wconf 69' lang='lat' dir='ltr'><strong>ditatus</strong></span> <span class='ocrx_word' id='word_1_248' title='bbox 2164 4808 2288 4863; x_wconf 79' lang='lat' dir='ltr'><strong>Nx</strong></span> <span class='ocrx_word' id='word_1_249' title='bbox 2361 4809 2397 4863; x_wconf 79' lang='lat'><em>8</em></span> <span class='ocrx_word' id='word_1_250' title='bbox 2433 4808 2638 4880; x_wconf 75' lang='lat' dir='ltr'><strong>futuro]</strong></span> 
     </span>
     <span class='ocr_line' id='line_1_30' title="bbox 367 4894 2648 4967; baseline 0.002 -18"><span class='ocrx_word' id='word_1_251' title='bbox 367 4894 556 4950; x_wconf 79' lang='lat' dir='ltr'><strong>aeculo</strong></span> <span class='ocrx_word' id='word_1_252' title='bbox 594 4895 727 4955; x_wconf 76' lang='lat' dir='ltr'><strong>aad.</strong></span> <span class='ocrx_word' id='word_1_253' title='bbox 761 4896 819 4951; x_wconf 88' lang='lat' dir='ltr'><strong><em>P</em></strong></span> <span class='ocrx_word' id='word_1_254' title='bbox 939 4918 964 4958; x_wconf 79' lang='lat'><strong>,-</strong></span> <span class='ocrx_word' id='word_1_255' title='bbox 993 4899 1077 4967; x_wconf 77' lang='lat' dir='ltr'><strong>ut]</strong></span> <span class='ocrx_word' id='word_1_256' title='bbox 1116 4900 1174 4953; x_wconf 81' lang='lat' dir='ltr'><strong>et</strong></span> <span class='ocrx_word' id='word_1_257' title='bbox 1214 4897 1263 4952; x_wconf 81' lang='lat' dir='ltr'><strong><em>G</em></strong></span> <span class='ocrx_word' id='word_1_258' title='bbox 1399 4900 1432 4952; x_wconf 86' lang='lat'>5</span> <span class='ocrx_word' id='word_1_259' title='bbox 1469 4897 1572 4953; x_wconf 82' lang='lat' dir='ltr'><strong>hoo</strong></span> <span class='ocrx_word' id='word_1_260' title='bbox 1607 4904 1737 4952; x_wconf 66' lang='lat' dir='ltr'><strong>ante</strong></span> <span class='ocrx_word' id='word_1_261' title='bbox 1771 4897 1952 4953; x_wconf 76' lang='lat' dir='ltr'><strong>aeoulo</strong></span> <span class='ocrx_word' id='word_1_262' title='bbox 1990 4894 2120 4951; x_wconf 75' lang='lat' dir='ltr'><strong>add.</strong></span> <span class='ocrx_word' id='word_1_263' title='bbox 2157 4895 2215 4949; x_wconf 89' lang='lat' dir='ltr'><strong><em>P</em></strong></span> <span class='ocrx_word' id='word_1_264' title='bbox 2380 4913 2558 4952; x_wconf 83' lang='lat' dir='ltr'><strong>eoram</strong></span> <span class='ocrx_word' id='word_1_265' title='bbox 2598 4896 2648 4953; x_wconf 81' lang='lat'><em>0</em></span> 
     </span>
     <span class='ocr_line' id='line_1_31' title="bbox 366 4979 2647 5052; baseline 0.001 -15"><span class='ocrx_word' id='word_1_266' title='bbox 366 4979 521 5052; x_wconf 66' lang='lat' dir='ltr'><strong>(corr</strong></span> <span class='ocrx_word' id='word_1_267' title='bbox 588 4985 708 5051; x_wconf 54' lang='grc' dir='ltr'><strong>κβ),</strong></span> <span class='ocrx_word' id='word_1_268' title='bbox 742 4983 808 5037; x_wconf 76' lang='grc' dir='ltr'><em>Ν</em></span> <span class='ocrx_word' id='word_1_269' title='bbox 957 4987 992 5041; x_wconf 79' lang='grc'><strong>6</strong></span> <span class='ocrx_word' id='word_1_270' title='bbox 1030 4985 1109 5039; x_wconf 83' lang='lat' dir='ltr'><strong>ini</strong></span> <span class='ocrx_word' id='word_1_271' title='bbox 1145 4985 1206 5039; x_wconf 80' lang='lat' dir='ltr'><em>X</em></span> <span class='ocrx_word' id='word_1_272' title='bbox 1395 4987 1565 5041; x_wconf 88' lang='lat' dir='ltr'><strong>uitam</strong></span> <span class='ocrx_word' id='word_1_273' title='bbox 1604 4989 1879 5041; x_wconf 78' lang='lat' dir='ltr'><strong>aeternam</strong></span> <span class='ocrx_word' id='word_1_274' title='bbox 1917 4983 2026 5040; x_wconf 74' lang='lat' dir='ltr'><strong>GA</strong></span> <span class='ocrx_word' id='word_1_275' title='bbox 2175 4985 2210 5039; x_wconf 78' lang='lat'>9</span> <span class='ocrx_word' id='word_1_276' title='bbox 2246 4984 2448 5040; x_wconf 69' lang='lat' dir='ltr'><strong>accidit</strong></span> <span class='ocrx_word' id='word_1_277' title='bbox 2488 4983 2647 5040; x_wconf 77' lang='lat' dir='ltr'><strong>GNX</strong></span> 
     </span>
     <span class='ocr_line' id='line_1_32' title="bbox 372 5071 2645 5144; baseline 0.001 -19"><span class='ocrx_word' id='word_1_278' title='bbox 372 5071 441 5126; x_wconf 80' lang='lat'><strong>18</strong></span> <span class='ocrx_word' id='word_1_279' title='bbox 479 5071 708 5126; x_wconf 69' lang='lat' dir='ltr'><strong>ieoiunio</strong></span> <span class='ocrx_word' id='word_1_280' title='bbox 744 5071 820 5126; x_wconf 73' lang='grc' dir='ltr'>Μ</span> <span class='ocrx_word' id='word_1_281' title='bbox 905 5073 971 5128; x_wconf 76' lang='grc'><strong>14</strong></span> <span class='ocrx_word' id='word_1_282' title='bbox 1009 5072 1375 5144; x_wconf 76' lang='lat' dir='ltr'><strong>deuotiaaime]</strong></span> <span class='ocrx_word' id='word_1_283' title='bbox 1414 5078 1474 5129; x_wconf 76' lang='lat' dir='ltr'><strong>et</strong></span> <span class='ocrx_word' id='word_1_284' title='bbox 1508 5091 1605 5130; x_wconf 82' lang='lat' dir='ltr'><strong>uoa</strong></span> <span class='ocrx_word' id='word_1_285' title='bbox 1644 5073 1993 5128; x_wconf 76' lang='lat' dir='ltr'><strong>deuotiaaime</strong></span> <span class='ocrx_word' id='word_1_286' title='bbox 2030 5087 2240 5128; x_wconf 69' lang='lat' dir='ltr'><strong>aot-oren</strong></span> <span class='ocrx_word' id='word_1_287' title='bbox 2274 5073 2331 5127; x_wconf 91' lang='lat' dir='ltr'><strong><em>P</em></strong></span> <span class='ocrx_word' id='word_1_288' title='bbox 2410 5074 2475 5129; x_wconf 77' lang='lat'><strong>16</strong></span> <span class='ocrx_word' id='word_1_289' title='bbox 2512 5088 2645 5128; x_wconf 70' lang='lat' dir='ltr'><strong>uana</strong></span> 
     </span>
     <span class='ocr_line' id='line_1_33' title="bbox 370 5159 2644 5233; baseline 0 -18"><span class='ocrx_word' id='word_1_290' title='bbox 370 5175 477 5215; x_wconf 65' lang='lat' dir='ltr'><strong>on.</strong></span> <span class='ocrx_word' id='word_1_291' title='bbox 515 5159 670 5228; x_wconf 79' lang='lat' dir='ltr'><strong>(add.</strong></span> <span class='ocrx_word' id='word_1_292' title='bbox 705 5176 749 5215; x_wconf 72' lang='lat' dir='ltr'><strong>a.</strong></span> <span class='ocrx_word' id='word_1_293' title='bbox 788 5159 830 5214; x_wconf 86' lang='lat'><strong>1.</strong></span> <span class='ocrx_word' id='word_1_294' title='bbox 862 5164 960 5215; x_wconf 57' lang='grc' dir='ltr'><strong>ηπ</strong></span> <span class='ocrx_word' id='word_1_295' title='bbox 993 5160 1093 5232; x_wconf 69' lang='grc'><strong>[9])</strong></span> <span class='ocrx_word' id='word_1_296' title='bbox 1128 5161 1204 5216; x_wconf 73' lang='grc' dir='ltr'>Μ</span> <span class='ocrx_word' id='word_1_297' title='bbox 1395 5162 1462 5217; x_wconf 81' lang='grc'><strong>19</strong></span> <span class='ocrx_word' id='word_1_298' title='bbox 1499 5161 1609 5217; x_wconf 84' lang='lat' dir='ltr'><strong>diei</strong></span> <span class='ocrx_word' id='word_1_299' title='bbox 1643 5160 1722 5216; x_wconf 73' lang='grc' dir='ltr'><em>Π</em></span> <span class='ocrx_word' id='word_1_300' title='bbox 1748 5162 1953 5233; x_wconf 65' lang='grc' dir='ltr'><strong>(σον-1.),</strong></span> <span class='ocrx_word' id='word_1_301' title='bbox 1992 5161 2095 5216; x_wconf 84' lang='lat' dir='ltr'><strong>CX</strong></span> <span class='ocrx_word' id='word_1_302' title='bbox 2323 5161 2644 5218; x_wconf 79' lang='lat' dir='ltr'><strong>celebrande</strong></span> 
     </span>
     <span class='ocr_line' id='line_1_34' title="bbox 369 5246 2647 5319; baseline 0.001 -18"><span class='ocrx_word' id='word_1_303' title='bbox 369 5248 560 5316; x_wconf 72' lang='lat' dir='ltr'><strong>(corr.)</strong></span> <span class='ocrx_word' id='word_1_304' title='bbox 587 5246 662 5301; x_wconf 77' lang='lat' dir='ltr'><strong><em>M</em></strong></span> <span class='ocrx_word' id='word_1_305' title='bbox 772 5247 922 5319; x_wconf 79' lang='lat' dir='ltr'><strong>quid]</strong></span> <span class='ocrx_word' id='word_1_306' title='bbox 960 5249 1053 5318; x_wconf 84' lang='lat' dir='ltr'><strong>qui</strong></span> <span class='ocrx_word' id='word_1_307' title='bbox 1089 5248 1156 5304; x_wconf 84' lang='lat' dir='ltr'><strong><em>N</em></strong></span> <span class='ocrx_word' id='word_1_308' title='bbox 1256 5250 1328 5305; x_wconf 81' lang='lat'><strong>22</strong></span> <span class='ocrx_word' id='word_1_309' title='bbox 1362 5253 1545 5305; x_wconf 80' lang='lat' dir='ltr'><strong>tamen</strong></span> <span class='ocrx_word' id='word_1_310' title='bbox 1580 5265 1686 5306; x_wconf 67' lang='lat' dir='ltr'><strong>on.</strong></span> <span class='ocrx_word' id='word_1_311' title='bbox 1722 5249 1779 5305; x_wconf 85' lang='grc' dir='ltr'><strong><em>Ρ</em></strong></span> <span class='ocrx_word' id='word_1_312' title='bbox 1895 5249 2201 5319; x_wconf 78' lang='lat' dir='ltr'><strong>ingeniuml&#39;</strong></span> <span class='ocrx_word' id='word_1_313' title='bbox 2227 5250 2538 5304; x_wconf 77' lang='lat' dir='ltr'><strong>..ieiunium</strong></span> <span class='ocrx_word' id='word_1_314' title='bbox 2575 5248 2647 5303; x_wconf 71' lang='grc' dir='ltr'><em>Μ</em></span> 
     </span>
     <span class='ocr_line' id='line_1_35' title="bbox 369 5336 2374 5410; baseline 0.001 -20"><span class='ocrx_word' id='word_1_315' title='bbox 369 5336 442 5390; x_wconf 80' lang='lat'><strong>28</strong></span> <span class='ocrx_word' id='word_1_316' title='bbox 477 5336 750 5407; x_wconf 80' lang='lat' dir='ltr'><strong>turpiaoat</strong></span> <span class='ocrx_word' id='word_1_317' title='bbox 783 5336 855 5391; x_wconf 71' lang='grc' dir='ltr'><em>Μ</em></span> <span class='ocrx_word' id='word_1_318' title='bbox 885 5339 1165 5409; x_wconf 70' lang='lat' dir='ltr'><strong>turpe-eat</strong></span> <span class='ocrx_word' id='word_1_319' title='bbox 1195 5338 1265 5394; x_wconf 84' lang='lat' dir='ltr'><em>N</em></span> <span class='ocrx_word' id='word_1_320' title='bbox 1290 5341 1490 5410; x_wconf 66' lang='lat' dir='ltr'><strong>(eom),</strong></span> <span class='ocrx_word' id='word_1_321' title='bbox 1522 5337 1633 5393; x_wconf 82' lang='lat' dir='ltr'><strong>FB</strong></span> <span class='ocrx_word' id='word_1_322' title='bbox 1737 5339 1809 5394; x_wconf 74' lang='lat'><strong>25</strong></span> <span class='ocrx_word' id='word_1_323' title='bbox 1845 5339 2106 5394; x_wconf 68' lang='lat' dir='ltr'><strong>uereor-it</strong></span> <span class='ocrx_word' id='word_1_324' title='bbox 2137 5337 2374 5393; x_wconf 64' lang='lat' dir='ltr'><strong>Mons</strong></span> 
     </span>
    </p>
   </div>
  </div>
 </body>
</html>
