3275 6434
234 963 299 1029 860
629 957 727 1015 Liber
746 958 977 1028 quaestionum

234 1153 415 1222 substantia
436 1171 456 1219 a
476 1151 531 1219 nia
551 1150 695 1219 iustitiae
718 1153 752 1217 at
772 1149 920 1217 neuntio
942 1151 1068 1218 auertit
1095 1151 1275 1220 uacauitns
1298 1154 1376 1219 euim

234 1260 348 1345 probat
364 1259 485 1327 iustum
509 1261 543 1325 et
563 1258 596 1324 iu
618 1260 762 1345 epulata
783 1258 978 1343 saumatam
1001 1275 1128 1325 samara
1150 1276 1230 1326 uera
1251 1276 1291 1327 aa
1312 1277 1376 1343 per·

234 1365 319 1434 iacta
343 1365 470 1433 iustitis
500 1367 559 1433 est
590 1365 674 1431 nude
706 1363 789 1432 anim
822 1363 1020 1448 quorundam
1050 1363 1181 1433 deuotio
1212 1363 1376 1444 minuitur,

234 1470 309 1538 iuda
340 1473 547 1557 augmentum
574 1470 653 1537 iacit
681 1470 777 1537 laude
808 1469 926 1556 dignus
958 1469 1085 1538 'lobias
1121 1471 1254 1556 inopia
1285 1470 1375 1551 caim,

234 1576 349 1661 iuquit,
376 1576 557 1644 humiliat
586 1577 725 1655 uirum
754 1580 787 1643 et
813 1575 869 1660 qui
890 1576 1080 1643 humiliatur
1100 1592 1163 1643 nou
1184 1579 1298 1660 potest
1319 1595 1377 1643 sar·
1400 1598 1412 1644 ι

237 1701 314 1749 nare
341 1681 509 1749 iustitiam.
543 1683 648 1750 sancti
679 1686 787 1749 auum
819 1681 938 1748 'lobiae
970 1684 1095 1749 aream
1123 1681 1164 1750 sal
1191 1681 1291 1749 deum
1321 1683 1379 1749 rni-

236 1802 309 1858 ruus
336 1805 395 1854 nac
423 1787 611 1872 captiuitate
637 1789 759 1858 fructus
787 1791 838 1853 est
860 1805 919 1853 nac
946 1787 1053 1872 inopia
1079 1787 1283 1867 humiliatus,
1310 1787 1381 1872 quis

237 1897 271 1959 et
292 1896 402 1960 contra
422 1893 627 1960 interdictum
650 1892 830 1960 occisorum
853 1910 986 1975 corpora
1006 1893 1192 1978 sepulturas
1214 1891 1382 1959 mumius

237 2002 270 2066 et
297 1999 336 2064 1ο
363 1999 415 2065 dai
440 1999 608 2085 largitione
636 2017 768 2066 securus
798 1998 836 2065 (1ο
866 2000 937 2082 ipso
966 1999 1079 2084 exigno
1108 1999 1293 2066 misericors
1319 2002 1382 2066 erat

237 2104 341 2171 sciens
363 2105 444 2171 bano
465 2105 570 2190 mugis
593 2103 652 2171 cieo
673 2105 798 2189 placare
819 2095 1070 2171 misericordiam
1094 2123 1175 2189 quaa
1199 2104 1239 2171 1ο
1268 2105 1380 2190 exiguo
1393 2126 1417 2172 ιι

236 2207 284 2290 nt,
307 2211 391 2280 sicut
413 2213 448 2277 at
469 2209 567 2276 uidua
587 2211 646 2277 illa
666 2211 754 2290 iecit,
778 2230 875 2297 quam
898 2210 1044 2278 lominus
1066 2210 1099 2276 iu
1122 2210 1293 2297 euangelio
1312 2228 1380 2277 cau·

235 2315 390 2413 laudauit
405 2316 459 2384 bic
472 2316 557 2384 euim
571 2337 645 2388 uere
658 2316 763 2384 fidelis
781 2320 842 2395 est,
859 2317 912 2382 bic
930 2335 992 2383 nou
1011 2316 1138 2383 dubitat
1154 2317 1195 2383 ‹le
1212 2316 1381 2401 promissis

238 2421 300 2501 (lei,
323 2422 378 2505 qui
402 2422 441 2492 1ο
462 2441 562 2507 paruo
584 2423 727 2509 largitur.

282 2532 312 2597 ὃ.
331 2527 394 2614 Spe
412 2549 487 2617 argo
505 2530 685 2596 futurorum
704 2529 845 2596 animum
863 2547 958 2596 suum
983 2528 1150 2594 consolans
1172 2527 1233 2595 leo
1258 2527 1381 2594 dicatus

238 2633 354 2705 'lobias
383 2634 417 2703 in
443 2635 652 2721 temptatione
673 2636 827 2702 robustus
850 2638 884 2701 at
905 2634 996 2700 fortis
1018 2633 1168 2702 iuuentus
1197 2637 1250 2701 ast
1278 2637 1380 2700 osten·
1395 2653 1418 2700 u

238 2737 315 2809 laus
329 2741 362 2807 in
375 2740 564 2807 necessitate
578 2741 651 2825 plus
664 2741 698 2809 in
717 2740 769 2808 (lai
785 2740 899 2807 timore
913 2739 1122 2826 uigilandum,
1141 2739 1261 2823 quiesi
1275 2758 1379 2806 ιιοοοι·

238 2843 317 2910 sitae
345 2844 385 2912 ad
408 2844 464 2915 olai
492 2845 643 2912 auxilium
671 2864 732 2914 nou
760 2845 895 2930 inpellit,
929 2848 1047 2928 quanto
1074 2844 1178 2930 magis
1208 2847 1379 2912 securitas!

239 2949 318 3020 certi
340 2952 540 3035 ergeuencti
556 2951 626 3032 uiri,
644 2951 730 3035 quod
752 2950 832 3018 deus
854 2950 1010 3018 iudicium
1029 2950 1091 3017 sibi
1110 2968 1220 3017 eorum
1239 2950 1381 3018 omnium

239 3073 320 3138 quae
341 3054 374 3121 in
397 3056 597 3127 boemundo
620 3056 700 3123 fiunt
721 3057 887 3140 exceperit,
910 3056 1133 3122 tribulationes
1156 3058 1190 3121 et
1212 3055 1328 3122 damna
1351 3059 1383 3122 et

239 3162 362 3243 reliqua
383 3161 478 3232 exitia
500 3163 553 3227 uel
577 3163 785 3228 contumeliae
809 3181 869 3227 non
893 3180 986 3246 aegre
1011 3161 1163 3242 tulerunt,
1187 3160 1245 3226 aed
1264 3165 1298 3228 at
1315 3181 1383 3247 gra·
1397 3181 1421 3228 ιι

239 3268 343 3333 tantu
374 3271 572 3350 acceperunt,
605 3267 691 3332 sicut
717 3271 750 3333 et
777 3265 877 3332 nostri
905 3267 1053 3350 apostoli,
1083 3267 1137 3350 qui
1165 3267 1251 3332 caesi
1279 3267 1384 3352 ganisi

240 3376 325 3450 suut,
349 3373 423 3455 quia
445 3372 532 3457 digni
555 3372 656 3440 babiti
679 3376 755 3438 eunt
772 3389 829 3456 pro
847 3373 973 3440 nomine
993 3372 1044 3437 dei
1062 3373 1288 3439 contumeliam
1306 3372 1383 3456 pati

239 3476 357 3542 indicia
370 3478 452 3543 enim
467 3478 651 3544 meritorum
666 3479 846 3544 futurorum
860 3478 955 3543 exitia
969 3481 1053 3555 sunt,
1068 3497 1149 3561 quae
1166 3479 1286 3544 iniuste
1304 3478 1385 3544 liunt

241 3581 388 3649 fidelibus
413 3585 482 3650 aine
504 3584 536 3649 in
560 3582 821 3650 tribulationibus
844 3584 914 3649 siue
936 3584 968 3648 in
993 3583 1204 3650 contumeliis.

285 3689 315 3758 t,
337 3689 449 3772 ltaque
472 3691 504 3756 in
527 3693 652 3756 tantum
677 3690 735 3755 ‹leo
760 3691 883 3774 placuit
908 3691 1014 3755 iustus
1041 3689 1169 3768 Tobiae,
1198 3692 1236 3755 ut
1262 3689 1384 3775 duplici
1398 3713 1423 3759 ιι

240 3812 354 3880 gauere
369 3795 553 3861 meritorum
573 3814 702 3862 enorum
723 3797 971 3878 consequeretur
987 3794 1174 3867 mercedem.
1193 3799 1226 3861 at
1243 3795 1277 3861 in
1296 3814 1384 3879 prae-

328 3931 444 3988 tProu.
465 3933 542 4001 10,4
645 3934 714 3988 8ci.
733 3933 800 3989 Tob.
825 3934 849 3990 1.
875 3934 907 3988 17
931 3934 989 4004 (20)
1011 3927 1121 4004 sqq.‘2,
1145 3935 1171 3988 7.
1194 3934 1219 3989 8.
1239 3934 1271 4001 1,
1295 3934 1321 3987 7.
1342 3933 1382 3991 lc.

243 4019 277 4074 17
295 4022 346 4074 etc
421 4021 451 4075 11
472 4020 506 4076 ci.
525 4021 590 4078 Luc.
609 4023 652 4088 21,
670 4023 742 4076 2-1
814 4020 1030 4078 19ο1.ΠΟοι.
1051 4020 1093 4091 12,
1114 4020 1148 4078 10
1214 4020 1382 4079 21ο1.Δο1

242 4109 268 4176 a,
286 4108 330 4162 ιο,
348 4109 382 4163 ιι
436 4111 472 4167 aa
490 4109 524 4164 cr.
543 4111 610 4166 roo.
630 4112 672 4181 ιι,
692 4114 726 4167 ιο
745 4113 801 4181 (ιι)

281 4216 291 4266 l
314 4214 402 4285 auia]
427 4217 534 4271 etuias
554 4216 579 4271 0
599 4217 645 4292 uia
662 4217 695 4270 N
808 4217 957 4273 usmaitau
980 4216 1196 4272 enim-iustitia
1218 4217 1262 4269 est
1284 4231 1336 4269 osa
1354 4215 1386 4269 X

243 4300 259 4355 11
278 4301 353 4370 inde]
372 4302 444 4356 unde
462 4303 493 4376 l}
559 4304 578 4358 4
596 4310 744 4375 augmenta
760 4305 852 4375 (corr.)
870 4305 908 4360 Ν
980 4303 1105 4374 bisquit
1122 4318 1173 4358 usa
1192 4302 1223 4356 Χ
1295 4302 1383 4357 bumi-

242 4389 324 4445 liauit
343 4387 396 4442 GA
459 4391 475 4443 7
494 4408 543 4446 neo
555 4393 614 4463 pon]
633 4409 667 4447 ua
685 4393 723 4448 Ν
781 4393 799 4446 e
817 4392 851 4447 (1ο
870 4392 925 4462 dei]
945 4391 1004 4446 dem
1024 4389 1053 4444 di
1070 4389 1108 4444 Ν
1176 4389 1244 4461 crat]
1264 4393 1309 4445 cst
1326 4389 1386 4445 NX

246 4476 279 4530 12
296 4475 342 4530 bic
355 4476 411 4546 pn]
429 4477 493 4533 blac
510 4479 543 4533 X
647 4480 820 4551 promisionis
838 4480 870 4533 N
948 4478 1142 4534 reconsolari·
1160 4476 1221 4533 edat
1240 4477 1384 4533 consulem

244 4563 323 4621 codd.
379 4565 595 4624 luminosos
650 4569 684 4624 18
702 4568 858 4633 certem
876 4568 967 4637 (corr.)
1018 4567 1052 4621 12
1070 4567 1117 4636 qui
1133 4565 1168 4634 θ,
1185 4567 1266 4635 (corr.
1284 4567 1383 4634 sam

244 4650 343 4707 lamus
358 4652 528 4723 st]-‹lsmnat
542 4659 566 4724 (t
579 4657 660 4727 crus.)
673 4655 707 4711 N
737 4657 772 4712 20
786 4659 929 4727 gnteutur
943 4655 968 4710 0
983 4658 1124 4725 gntautsr
1140 4654 1217 4725 (rute
1230 4654 1263 4709 s'sa
1274 4655 1342 4725 rus.)
1354 4655 1387 4711 N

244 4739 280 4794 22
298 4739 469 4797 bsbethF
576 4743 951 4812 rumiliacensem
1039 4743 1075 4798 22
1093 4744 1166 4814 suut]
1184 4743 1258 4799 sicut
1275 4748 1341 4798 sunt
1355 4740 1383 4797 Ρ

244 4828 316 4882 iuste
333 4825 365 4879 N
415 4829 449 4883 25
468 4829 564 4885 dobiae
581 4831 618 4886 Μ
667 4834 702 4889 26
720 4833 856 4903 praesenti
873 4831 986 4887 PGNX
