3275 6434
899 661 2853 1090 fi—

467 1446 600 1514 800
1259 1444 1457 1501 Liber
1491 1443 1954 1516 quse-tionum

470 1637 670 1724 igitur
704 1638 808 1704 hic
846 1639 971 1704 scit
1014 1638 1161 1704 fidei
1212 1639 1388 1704 suee‘
1408 1639 1714 1706 rationem
1762 1641 1830 1704 et
1870 1657 1994 1704 non
2039 1637 2293 1704 dubitat
2334 1638 2414 1704 de
2459 1641 2738 1724 potentis

470 1742 631 1822 eius,
676 1742 786 1827 qui
830 1745 1148 1830 intellegit
1191 1763 1411 1810 omnes
1448 1745 1780 1810 thesauros
1825 1743 2184 1829 sapientiae
2220 1749 2287 1810 et
2330 1744 2635 1810 scientiae
2675 1745 2735 1810 in

470 1853 863 1915 sacramento
930 1849 1284 1916 natiuitatis
1349 1853 1416 1916 et
1467 1849 1780 1936 passionis
1843 1853 1910 1916 et
1957 1850 2438 1917 resurrectionis
2503 1848 2737 1917 Christi

469 1973 611 2021 esse
655 1954 1083 2022 absconditos.

559 2059 618 2125 3.
663 2060 957 2126 Manente
1011 2079 1160 2145 ergo
1216 2059 1341 2126 fide
1396 2061 1505 2126 diu
1576 2080 1826 2127 mecum
1890 2061 2152 2135 contuli,
2207 2065 2284 2128 ut
2347 2061 2579 2127 scirem
2634 2079 2739 2127 cur
2779 2080 2801 2124 ε

469 2164 764 2232 dominus
827 2170 1042 2233 noster
1096 2166 1172 2232 ‹le
1228 2166 1425 2233 sacris
1478 2170 1547 2231 et
1608 2166 1994 2233 caelestibus
2058 2166 2319 2233 sedibus
2374 2166 2457 2233 ad
2513 2173 2738 2233 terrem

469 2271 886 2339 incarnandus
935 2274 1220 2338 uenisset
1273 2276 1340 2339 et
1391 2292 1519 2338 non
1562 2272 1722 2339 elius
1767 2291 1840 2338 ex
1885 2271 2007 2351 his,
2055 2290 2216 2355 quos
2260 2271 2400 2355 ipse
2446 2271 2737 2339 dominus

468 2381 722 2444 sanctos
768 2378 1027 2465 angelos
1066 2381 1264 2445 uocet
1311 2378 1727 2464 incongruum
1766 2377 1934 2443 enim
1970 2376 2226 2442 uidetur
2257 2395 2565 2462 personne
2602 2377 2735 2443 eius

467 2483 588 2551 hoc
634 2503 794 2569 opus
838 2483 1110 2563 subisse,
1158 2483 1281 2548 nisi
1328 2503 1522 2550 causa
1565 2483 1720 2549 fecti
1762 2486 2079 2550 noscetur.
2136 2482 2407 2566 denique
2465 2482 2589 2549 boe
2644 2489 2740 2548 est

467 2589 637 2672 quod
663 2594 883 2656 mouet
908 2590 1167 2655 multos.
1205 2608 1346 2654 num
1384 2590 1596 2673 potuit
1630 2587 1735 2655 dei
1773 2588 1970 2672 petris
2008 2587 2289 2671 prouisio
2326 2606 2441 2671 per
2476 2587 2732 2654 alteram
2762 2605 2804 2650 ιο

467 2713 797 2780 personum
861 2696 981 2761 hoc
1043 2696 1371 2780 negotium
1434 2714 1671 2780 gerere,
1725 2700 1801 2761 ut
1851 2699 1919 2760 et
1972 2693 2333 2761 bominibus
2397 2695 2463 2759 in
2532 2713 2735 2760 errore

466 2800 835 2867 constitutis
900 2800 1258 2866 ostenderet
1320 2801 1653 2867 ueritatem
1722 2804 1790 2865 et
1851 2800 2171 2865 diabolum
2237 2804 2733 2883 praesumtorem

467 2911 534 2971 et
577 2905 804 2971 salutis
848 2905 1135 2971 inuidum
1182 2925 1328 2972 cum
1374 2905 1761 2972 satellitibus
1798 2905 1937 2971 eius
1974 2906 2400 2989 conprimeret
2442 2911 2513 2970 et
2555 2924 2734 2989 expo·

466 3013 653 3078 lieret
685 3011 1029 3087 deuictum,
1068 3012 1217 3094 quis
1250 3011 1603 3096 peruicacia
1641 3015 1708 3077 et
1741 3011 2158 3077 inreuerentis
2205 3011 2733 3093 nequissimorum

465 3136 793 3184 seruorum
821 3117 1131 3183 ministris
1159 3117 1414 3183 famulis
1451 3117 1659 3182 fuerat
1692 3115 2143 3200 conpescenda,
2180 3122 2246 3182 et
2279 3135 2402 3183 non
2442 3116 2731 3182 dominus
2762 3135 2807 3179 ιε

468 3224 749 3291 omnium
794 3243 927 3289 rem
974 3223 1095 3288 sibi
1142 3223 1464 3308 indignam
1512 3224 1914 3306 experiretur.

556 3332 614 3395 4.
643 3328 862 3412 Neque
889 3328 1053 3394 enim
1083 3332 1255 3394 tanta
1285 3328 1386 3394 uis
1413 3334 1480 3393 et
1504 3328 1789 3411 potentis
1816 3331 1918 3393 est
1941 3331 2216 3403 uanae,
2247 3330 2320 3391 ut
2346 3345 2460 3410 per
2477 3327 2732 3393 alteram

464 3438 846 3519 potestatem
885 3431 1167 3499 eiusdem
1206 3433 1588 3500 condicionis
1626 3433 1909 3516 superari
1935 3433 2192 3497 minime
2218 3433 2560 3515 potuisset,
2597 3451 2735 3498 cum

466 3544 716 3606 constet
734 3539 833 3605 dei
861 3539 1094 3605 auxilio
1121 3539 1317 3604 istum
1346 3539 1536 3604 etiam
1565 3538 1644 3603 ab
1672 3537 2034 3603 hominibus
2060 3538 2251 3604 uinci.
2271 3557 2415 3604 nam
2445 3538 2737 3622 quamuis

466 3647 670 3728 imper
690 3645 796 3725 sit,
816 3646 872 3710 si
892 3664 964 3710 ex
991 3645 1257 3709 terrenis
1287 3662 1614 3710 sumamus
1646 3645 1951 3727 exempla,
1982 3647 2190 3709 tamen
2220 3663 2293 3709 ex
2320 3645 2536 3727 aliqua
2563 3649 2736 3727 parte
2765 3658 2814 3703 ω

467 3751 731 3818 conueui
752 3754 859 3817 ent
881 3751 1125 3817 rationi.
1145 3769 1396 3816 seruum
1427 3751 1593 3816 enim
1621 3754 1841 3816 contra
1858 3750 2065 3815 Dauid
2090 3769 2302 3835 regem
2329 3749 2735 3815 rebellantem

466 3856 617 3922 Iosb
646 3876 988 3923 conseruus
1016 3858 1156 3922 eius
1192 3856 1428 3923 missus
1464 3861 1564 3922 est
1599 3857 1890 3939 persequi
1938 3861 2005 3920 et
2052 3855 2364 3921 trucidare
2420 3859 2488 3920 et
2524 3858 2736 3921 contra

466 3962 811 4028 Abessalon
857 3963 920 4027 in
966 3966 1208 4045 patrem
1252 3962 1518 4045 impium
1565 3963 1771 4027 seruis
1827 3963 2106 4027 iniuncta
2158 3980 2256 4025 res
2312 3963 2439 4025 est:
2499 3963 2735 4043 quanto

467 4069 672 4153 magis
727 4068 805 4133 sd
852 4068 1244 4151 tyrannidem
1298 4067 1536 4135 diaboli
1590 4067 1961 4132 uincendum
2020 4065 2224 4132 sancti
2279 4066 2490 4151 angeli
2548 4065 2737 4130 unius

468 4175 544 4240 de
583 4173 802 4239 multis
840 4173 1172 4238 suffecerat
1214 4172 1513 4249 efficacis,
1570 4172 1802 4257 quippe
1847 4192 1991 4238 cum
2036 4171 2323 4256 legumus
2369 4170 2519 4253 quia
2557 4189 2737 4254 repu·
2768 4184 2819 4228 a

643 4433 678 4487 2
716 4432 936 4502 cf.,Col.
972 4433 1024 4499 2,
1061 4432 1096 4486 3
1176 4431 1210 4486 8
1247 4430 1316 4487 cf.
1353 4430 1516 4486 Herc.
1555 4430 1607 4493 8,
1644 4431 1714 4485 38
1751 4435 1855 4486 etc.
1940 4430 2007 4484 13
2043 4428 2110 4483 cr.
2150 4428 2284 4498 pr.
2322 4430 2375 4493 6,
2418 4429 2485 4484 16
2556 4429 2622 4484 21
2666 4429 2734 4483 cl'.

464 4522 519 4577 11
558 4522 690 4592 Reg.
727 4522 779 4588 2,
816 4522 886 4575 24
923 4516 1082 4592 seqq..
1180 4520 1252 4575 23
1288 4519 1356 4574 cf.
1394 4518 1449 4573 11
1487 4519 1619 4588 Reg.
1660 4519 1744 4587 18,
1782 4521 1816 4571 5
1923 4517 1992 4571 2³3
2030 4516 2096 4573 cf.
2137 4520 2303 4587 Apoc.
2346 4518 2432 4584 12,
2470 4517 2609 4572 7-9

290 4706 474 4776 def,F
537 4699 572 4753 2
609 4698 736 4768 qnia
770 4701 955 4765 (corr.)
987 4696 1035 4751 G
1172 4700 1229 4750 et
1265 4700 1450 4762 (eras.)
1487 4697 1543 4748 in
1575 4694 1623 4749 C
1725 4695 1760 4749 4
1797 4693 2140 4749 absconditos
2172 4693 2390 4760 (abscon
2429 4695 2489 4747 iu
2527 4693 2664 4763 rm.)
2694 4691 2742 4745 C

465 4787 500 4841 8
531 4791 770 4840 annuos
803 4789 1012 4853 (saneto
1048 4786 1111 4839 in
1145 4787 1280 4851 ras.)
1316 4783 1391 4838 M
1526 4797 1757 4853 persone
1784 4782 1842 4836 N
1937 4783 1971 4836 9
2008 4780 2226 4850 subipse
2254 4778 2323 4831 Μ
2463 4796 2652 4835 esus·-
2677 4778 2743 4833 N

465 4874 615 4929 facts
659 4873 713 4926 P
924 4875 991 4928 10
1031 4873 1232 4927 multos
1268 4872 1412 4943 nem]
1448 4872 1677 4927 multum
1725 4870 1780 4924 P
1992 4871 2053 4925 11
2092 4869 2147 4922 in
2186 4869 2388 4939 errore]
2424 4883 2636 4923 merore
2678 4868 2740 4921 X

470 4963 538 5017 12
573 4961 857 5017 ostendere
893 4962 956 5015 X
1167 4962 1233 5016 13
1279 4961 1521 5015 salutent
1565 4963 1752 5025 (corr.)
1788 4957 1854 5014 N
2079 4956 2593 5011 14·inreuerentine
2632 4953 2742 5010 GN

471 5053 535 5106 17
574 5051 832 5122 ponentis
858 5050 928 5105 Μ
1028 5050 1095 5104 18
1131 5049 1488 5105 condictionis
1514 5048 1587 5103 Μ
1687 5049 1752 5104 19
1788 5050 2006 5102 constet
2031 5045 2091 5098 Χ
2228 5047 2429 5100 iustum
2466 5047 2653 5112 (corr.)
2675 5041 2741 5098 N

467 5139 534 5194 21
576 5138 731 5195 dsuit
765 5140 939 5209 legem
979 5139 1122 5204 (suit
1155 5137 1332 5208 legem
1366 5138 1432 5192 in
1464 5139 1602 5206 rae.)
1637 5137 1712 5192 M
1828 5137 1899 5190 22
1934 5135 2196 5189 trucidsri
2235 5133 2283 5188 C
2402 5131 2475 5186 28
2510 5130 2730 5185 sbsnlon

468 5227 625 5294 (add.
655 5245 712 5282 es
735 5244 780 5283 e.
808 5227 866 5295 13,
896 5232 1093 5296 postea
1118 5230 1278 5292 eras.)
1306 5225 1391 5291 M,
1411 5225 1472 5278 X
1500 5224 1741 5278 chiselon
1770 5224 1811 5292 (ἰ
1838 5223 2003 5293 ems.)
2034 5221 2082 5276 G
2104 5221 2360 5291 abymlon
2390 5219 2457 5272 N
2519 5218 2589 5272 24
2616 5217 2724 5271 din·

465 5316 630 5370 bolici
666 5316 944 5371 uincedsm
980 5315 1049 5369 M
1157 5316 1228 5369 25
1263 5313 1568 5383 suffecerstl
1608 5311 1882 5366 sufficeret
1916 5309 2139 5364 PCNX
2170 5306 2390 5362 sufferet
2426 5305 2502 5359 M
