3275 6434
463 1515 588 1580 122
1249 1514 1446 1570 Liber
1480 1515 1940 1586 quaestionum

459 1706 648 1773 Lxx.
697 1707 1081 1775 DOMINUS
1128 1707 1392 1775 OERTE
1447 1707 1831 1776 INIMICOS
1884 1709 2049 1776 NOS
2100 1709 2466 1776 DIABOLO
2514 1711 2738 1777 FIERI

458 1812 949 1890 PRAECEP1T3
992 1813 1199 1894 QUID
1237 1814 1461 1881 ERGO
1491 1813 1646 1882 EST
1674 1816 1782 1882 UT
1812 1815 1902 1881 IN
1933 1809 2416 1882 EUANGELIO
2455 1815 2742 1882 DICAT:

458 1917 689 1987 ‘ESTO
765 1918 1340 1987 CONSENTIENS
1398 1920 1931 1988 ADUERSARIO
1996 1921 2162 1988 TUO
2222 1920 2477 1987 CITO’?
2541 1920 2742 2002 QUIS

673 2025 827 2092 EST
855 2026 1439 2094 ADUERSARIUS
1467 2026 1832 2094 HOMINIS
1871 2026 2041 2094 NISI
2080 2026 2543 2093 DIABOLUS?

548 2165 727 2233 Nulli
773 2166 1036 2233 dubium
1082 2171 1184 2234 est
1227 2168 1546 2234 diabolum
1595 2188 1736 2235 esse
1776 2168 2048 2234 hominis
2084 2168 2432 2246 inimicum,
2471 2167 2744 2233 maxime
2807 2182 2835 2222 ⁵

460 2270 697 2347 fidelis:
746 2272 1220 2340 uehementiora
1265 2274 1429 2339 enim
1479 2275 1604 2340 tela
1644 2294 1760 2341 sua
1806 2277 2018 2340 contra
2063 2273 2161 2338 dei
2211 2292 2428 2340 seruos
2476 2272 2745 2339 exacuit.

462 2376 633 2442 sicut
679 2396 826 2462 ergo
872 2378 995 2444 iste
1041 2379 1348 2444 bonorum
1396 2377 1692 2444 inimicus
1732 2381 1851 2455 est,
1890 2379 1977 2444 ita
2017 2383 2081 2443 et
2115 2377 2213 2442 lex
2252 2377 2437 2443 malis
2474 2377 2746 2443 aduersa

460 2485 574 2547 est
623 2481 765 2566 quis
813 2483 976 2547 enim
1025 2484 1446 2549 contemnenti
1493 2503 1562 2549 se
1608 2503 1728 2549 non
1778 2483 2186 2549 aduersetur?
2243 2483 2535 2550 dominus
2593 2501 2746 2567 ergo

461 2590 852 2668 peccatorem
927 2589 1308 2673 adloquitur,
1382 2593 1456 2655 ut
1527 2590 1876 2656 consentiat
1939 2588 2272 2667 mandatis,
2336 2608 2497 2673 quae
2560 2587 2747 2653 illum

462 2693 965 2760 inoboedientem
1011 2694 1446 2774 condemnant,
1495 2699 1568 2761 ut
1612 2695 1890 2762 subiciat
1934 2714 2001 2760 se
2048 2694 2367 2761 uoluntati
2413 2714 2630 2761 eorum
2681 2696 2748 2758 et
2780 2710 2833 2754 ιο

463 2798 575 2865 flat
619 2819 690 2865 ex
733 2800 989 2865 inimico
1036 2800 1297 2879 amicus,
1344 2801 1492 2885 quia
1539 2805 1605 2867 et
1650 2803 2042 2886 contemptor
2074 2800 2241 2886 legis
2288 2799 2584 2864 inimicus
2647 2804 2749 2863 est

464 2907 631 2981 eius;
679 2907 994 2972 uoluntati
1053 2908 1217 2973 enim
1275 2908 1412 2974 eius
1468 2907 1728 2974 resistit.
1785 2907 2051 2989 ideoque
2107 2905 2397 2972 hortatur
2449 2904 2746 2969 dominus

463 3016 879 3096 peccatorem,
926 3017 1002 3078 ut
1044 3014 1201 3079 bene
1247 3014 1489 3099 agendo
1537 3013 1898 3080 reconciliet
1943 3013 2065 3078 sibi
2110 3012 2340 3097 legem,
2387 3029 2464 3075 ne
2520 3009 2583 3073 in
2645 3009 2746 3072 die

461 3118 686 3184 iudicii
732 3122 989 3184 accuset
1034 3138 1176 3184 eum
1224 3120 1390 3204 apud
1437 3120 1709 3186 iudicem
1762 3122 1826 3184 et
1871 3118 2325 3185 condemnatus
2362 3134 2600 3202 poenas
2641 3114 2750 3179 det

465 3227 712 3307 spretae
774 3225 955 3310 legis.
1018 3225 1186 3290 omni
1252 3227 1505 3305 etenim,
1562 3226 1670 3309 qui
1727 3225 1889 3291 male
1945 3225 2091 3290 uult
2143 3243 2348 3309 agere,
2403 3221 2823 3304 disciplinans

464 3330 778 3396 (lominica
840 3321 1097 3397 inimica
1159 3331 1434 3409 uidetur,
1496 3331 1601 3397 cui
1665 3330 1787 3396 nisi
1851 3330 2261 3405 consenserit,
2319 3328 2617 3393 mittetur
2679 3326 2739 3390 in

467 3437 814 3521 gehennam
894 3438 1166 3514 diabolo,
1242 3438 1348 3522 qui
1413 3457 1560 3503 uere
1623 3437 1921 3502 inimicus
1986 3435 2245 3501 humani
2308 3432 2560 3518 generis
2624 3434 2746 3509 est,

465 3549 915 3628 praeparatam.

465 3751 688 3817 Lxxl.
750 3752 1002 3820 IACOB
1049 3752 1589 3819 APPELLATUS
1636 3751 1791 3818 EST
1836 3749 2081 3816 nomo
2144 3747 2454 3816 numus
2504 3747 2745 3814 DEUM

465 3857 572 3922 ET
611 3856 942 3924 mersas
982 3858 1216 3922 mnrr
1244 3855 1486 3922 natm
1513 3857 1830 3924 mcum
1857 3857 1971 3922 Αι)
2012 3853 2327 3921 melam
2364 3851 2531 3919 Nnc
2568 3850 2746 3918 NON
2781 3873 2834 3915 ω

465 3963 570 4029 m·
600 3962 918 4030 ESEIAS:
947 3964 1194 4037 ‘mma
1231 3964 1392 4043 Arr,
1431 3963 1695 4030 ‘natm
1734 3960 2122 4029 sAssAo'rH
2161 3958 2459 4026 ocnms
2492 3956 2746 4023 mma:

465 4069 798 4137 CONTRA
833 4068 1584 4137 AUTEM10HANNES
1625 4067 2245 4137 EUANGELISTA:
2284 4065 2594 4143 ‘omma
2635 4065 2749 4129 IN-

467 4175 963 4259 QU1T‚‘NEMO
990 4176 1219 4241 mm'r
1251 4173 1661 4255 UMQUAM’.
1690 4174 1883 4253 Hoc,
1905 4171 2323 4254 QUANTUM
2350 4169 2749 4246 momen,

1224 4277 1775 4346 CONTRARIUM
1820 4279 1988 4346 EST.

557 4426 611 4486 1.
643 4422 959 4504 Quantum
1001 4423 1081 4488 ad
1117 4423 1303 4487 fidem
1342 4423 1477 4486 ueri
1516 4423 1802 4505 pertinet,
1842 4422 2027 4486 deum
2066 4420 2317 4485 omnino
2358 4434 2544 4481 nemo
2587 4415 2753 4480 uidit
2785 4439 2839 4481 22·-

465 4547 786 4611 umquam,
834 4546 1033 4610 neque
1080 4536 1322 4610 patrem
1381 4546 1583 4608 neque
1638 4527 1864 4593 filium.
1922 4525 2088 4608 quod
2136 4524 2299 4590 enim
2351 4522 2536 4586 uisus
2598 4521 2752 4585 dici·

647 4738 668 4789 1
715 4736 780 4789 ci.
821 4735 1015 4789 matth.
1055 4735 1138 4801 13,
1174 4734 1243 4789 89
1352 4734 1385 4789 8
1423 4734 1618 4790 Mntth.
1659 4736 1709 4794 5,
1746 4734 1817 4787 25
1942 4733 1975 4786 6
2014 4731 2081 4785 cf.
2123 4730 2260 4800 Eph.
2297 4729 2349 4793 6,
2391 4730 2459 4784 16
2574 4729 2640 4783 17
2683 4729 2751 4783 cf.

464 4823 663 4878 matth.
703 4825 790 4891 25,
826 4823 893 4878 41
1009 4823 1075 4876 19
1113 4821 1182 4877 cf.
1219 4821 1354 4879 Gen.
1391 4822 1479 4890 82,
1517 4822 1586 4877 28
1620 4823 1733 4889 (29)
1841 4819 1911 4874 20
1948 4819 2013 4874 cf.
2054 4819 2146 4873 Ex.
2184 4818 2272 4884 33,
2313 4817 2374 4870 11
2490 4817 2558 4871 21
2603 4816 2754 4870 Εςιί.

465 4914 516 4967 6.
555 4915 588 4966 5
695 4911 766 4964 22
805 4909 919 4964 ῙοΙι.
963 4912 1009 4972 1,
1051 4911 1132 4963 18.
1170 4909 1196 4964 1
1234 4909 1347 4966 Ioh.
1384 4912 1437 4972 4.
1477 4910 1542 4963 12

213 5032 314 5102 des.
330 5033 438 5090 PG
537 5034 571 5088 2
607 5032 875 5104 praecipit
915 5032 962 5086 G
1080 5033 1115 5088 6
1151 5032 1328 5088 fidelis
1363 5035 1520 5100 (corr.
1558 5031 1767 5101 fideles)
1812 5031 1859 5084 C
1978 5030 2009 5083 7
2050 5030 2155 5084 iste
2192 5044 2295 5084 om-
2333 5027 2401 5082 N
2518 5024 2589 5080 10
2626 5041 2755 5079 con·

464 5125 755 5192 tempnunt
793 5121 840 5175 C'
978 5119 1246 5176 subieciat
1283 5120 1388 5174 CF
1561 5121 1625 5174 13
1664 5135 1731 5174 ne
1767 5134 1869 5175 om.
1907 5118 1973 5172 N
2137 5118 2203 5172 14
2241 5115 2670 5184 contempnatus
2710 5113 2757 5166 C

470 5211 582 5279 det]
621 5207 687 5264 de
724 5210 785 5262 X
949 5209 1015 5263 16
1053 5207 1394 5262 dominica-0·
1429 5207 1503 5261 M
1623 5205 1812 5261 mittet
1846 5205 1906 5261 N
2063 5206 2135 5261 20
2171 5203 2369 5259 faciem
2396 5201 2516 5270 pn]
2557 5199 2752 5255 faciem

470 5302 546 5362 (m
584 5300 725 5365 exp.)
767 5295 815 5369 G
848 5295 984 5349 facie
1021 5293 1141 5348 Nx
1306 5296 1370 5349 21
1412 5294 1647 5350 sabaoht
1682 5294 1752 5348 M
1786 5293 2050 5348 sabbaoth
2080 5292 2145 5345 N
2298 5289 2371 5342 22
2410 5288 2667 5343 iohannis
2711 5286 2757 5340 C

472 5385 542 5439 25
580 5384 737 5438 finem
777 5382 849 5436 M
951 5382 1020 5435 26
1059 5382 1185 5451 quid
1230 5381 1277 5436 0
