3275 6434
661 1401 952 1473 Prolcgorucun.
1259 1405 1375 1470 XXXV

232 1595 445 1683 graphicis
468 1595 614 1662 codicum
638 1614 827 1662 consensum
852 1615 922 1662 sum
947 1601 1088 1663 secutus.
1117 1597 1171 1664 ubi
1199 1602 1304 1663 tsrnen
1328 1597 1377 1663 illi

232 1705 314 1770 inter
335 1721 372 1769 se
395 1701 554 1780 differunt,
577 1701 619 1767 Π
637 1702 683 1767 ita
706 1703 795 1786 sequi
819 1703 909 1769 nolui
932 1708 969 1769 nt
991 1721 1104 1786 prauae
1132 1704 1201 1770 eins
1223 1704 1376 1770 lectiones

232 1811 384 1877 reicsrsm
398 1807 556 1892 iidemque
570 1808 684 1874 ceteris
698 1808 982 1888 adcommodarem
997 1809 1051 1893 qui
1066 1810 1182 1875 mirum
1197 1812 1227 1875 in
1246 1808 1375 1875 modum

233 1917 313 1984 inter
345 1934 381 1982 se
413 1915 625 1981 consentiunt
658 1951 701 1963 -—
732 1915 769 1980 In
802 1915 1013 1981 indicibus
1045 1915 1259 1999 conponendis
1292 1916 1376 1998 quod

235 2023 328 2108 paulo
346 2023 497 2108 prolixior
513 2021 570 2100 fni,
588 2022 699 2088 multis
718 2041 769 2086 me
787 2024 914 2108 gratum
937 2022 1052 2088 fecisse
1075 2021 1206 2088 conlido.
1229 2012 1376 2104 qnoniam

236 2130 317 2196 enim
342 2147 381 2194 ca
404 2131 454 2194 est
473 2128 705 2211 ernestsbnum
723 2126 857 2206 indoleo,
876 2131 913 2192 ut
932 2146 1032 2211 neque
1056 2127 1127 2211 quis
1151 2126 1247 2193 inerit
1270 2146 1375 2192 earnm

237 2239 346 2303 auctor
368 2235 488 2301 scietur
510 2238 544 2300 et
565 2235 750 2319 scriptorem
774 2233 907 2299 eundem
932 2233 1078 2319 ignotum
1099 2234 1260 2318 complura
1283 2251 1377 2317 opera

237 2339 378 2426 ἄθυμα
401 2338 559 2417 &diocese
584 2359 664 2424 quae
686 2340 779 2406 bodie
803 2345 936 2420 exstant,
955 2341 1162 2424 conposuisse
1179 2341 1253 2423 plus
1271 2339 1377 2405 minus

237 2447 272 2513 ad
294 2449 365 2514 neri
389 2448 525 2532 speciem
545 2447 731 2514 accedentes
751 2448 882 2531 probare
901 2448 1080 2514 studuerint
1097 2447 1159 2512 uiri
1178 2446 1273 2524 docti,
1291 2447 1376 2512 locu·

237 2553 423 2640 plenissimis
447 2553 604 2620 indicibus
627 2554 742 2620 nostris
766 2559 890 2639 praeter
913 2554 975 2620 alia
993 2554 1155 2620 materiam
1176 2551 1377 2638 subpeditare

237 2661 408 2739 noluimus,
441 2679 504 2745 qna
536 2678 611 2725 nere
643 2665 676 2726 st
702 2660 798 2726 huius
827 2661 931 2744 operis
960 2664 992 2726 et
1018 2661 1151 2726 aliorum
1180 2658 1376 2743 quorundam

239 2768 321 2853 origo
345 2766 474 2834 facilins
496 2767 527 2832 in
551 2766 694 2833 futurum
718 2770 829 2852 posset
850 2767 1027 2834 diiudicari.

276 2875 392 2941 Restat
414 2876 452 2940 ut
474 2873 591 2959 gratias
615 2872 766 2939 maximos
791 2874 993 2960 elongamus
1022 2873 1077 2958 qui
1104 2873 1183 2938 benc
1207 2871 1376 2937 editionem

238 2999 436 3067 quocumque
462 2979 557 3047 modo
583 3000 781 3065 promouere,
810 2981 1010 3048 curatoribus
1036 2981 1239 3065 pecuniarum
1263 2977 1376 3044 Crane-

237 3089 341 3155 nianas
375 3091 411 3154 et
437 3087 619 3163 Hertianae,
652 3106 784 3171 quornm
818 3107 873 3172 per
899 3087 1121 3154 liberalitatem
1149 3085 1377 3152 Uniuersitatis

237 3193 504 3281 cantabrigiensis
527 3193 674 3261 alumnus
697 3193 759 3260 tria
777 3194 891 3259 itinera
909 3195 1070 3279 suscipere
1090 3192 1189 3276 potui,
1209 3191 1378 3276 praelectis

237 3301 374 3368 omnium
403 3299 663 3367 bibliothecarum
693 3320 774 3386 quae
802 3300 929 3367 codices
956 3301 1189 3379 Qeruesb'mrum
1215 3297 1378 3366 continent

237 3429 284 3494 pro
316 3409 471 3477 comitate
503 3408 671 3488 indefessa,
700 3410 849 3475 omnibns
877 3409 932 3493 qni
966 3409 1152 3475 collationes
1186 3426 1256 3473 mea
1282 3423 1378 3472 cause

237 3516 384 3594 iecerunt,
412 3515 600 3582 Ministeriis
627 3516 739 3583 Italico
767 3521 800 3581 et
824 3515 947 3583 Gallico
972 3513 1194 3581 Instructionis
1217 3512 1379 3591 Publicae,

238 3623 417 3689 britannico
440 3624 555 3690 Rerum
580 3625 815 3699 Extranearum,
845 3643 901 3707 per
928 3641 1008 3706 quse
1037 3621 1162 3689 codices
1190 3622 1253 3686 hnc
1279 3622 1378 3684 trans·

240 3730 321 3796 nissi
341 3734 430 3808 snut,
449 3735 483 3796 et
495 3730 684 3796 Bodleianne
701 3729 990 3813 Uniuersitatisque
1003 3727 1251 3794 Aberdoniensis
1266 3724 1377 3791 biblio·

240 3836 383 3903 thocariis
408 3836 463 3920 qni
487 3856 594 3903 cnram
618 3854 726 3903 eorum
751 3830 968 3920 susceperuut
986 3835 1017 3899 iu
1038 3832 1218 3900 adornanda
1242 3831 1377 3914 denique

242 3942 371 4010 editione
394 3943 467 4026 ipsa
489 3943 620 4030 benigne
644 3962 695 4008 me
713 3941 906 4011 adiuuemnt
924 3960 995 4007 cnm
1016 3941 1048 4005 l'.
1068 3941 1101 4005 ld.
1125 3938 1376 4023 Brightmsu‚

244 4049 287 4133 qni
299 4049 422 4116 multos
435 4049 524 4117 locos
538 4050 713 4134 scripturas
724 4068 831 4115 saonae
841 4053 873 4114 ct
884 4068 979 4114 nnnm
991 4046 1199 4132 Cyprianeum
1215 4043 1378 4119 indicauit,

246 4159 533 4244 tumhugnstus
553 4153 831 4242 bugelbreebt
850 4160 883 4221 et
902 4154 1153 4221 cuthbertus
1169 4150 1376 4217 Hamilton

248 4262 397 4341 intuor,
425 4262 480 4345 qui
503 4263 642 4349 plagulis
667 4281 791 4329 summa
815 4280 891 4326 cnra
918 4260 1065 4345 perlectis
1093 4257 1227 4325 consilio
1251 4260 1284 4322 st
1307 4273 1378 4320 ecn-

252 4367 320 4432 nine
342 4385 402 4434 sno
424 4372 546 4434 textum
571 4368 733 4434 meliorem
758 4367 972 4433 reddiderunt.

289 4524 402 4591 Dabam
423 4523 532 4592 Orcnii
551 4526 582 4591 in
603 4524 737 4612 collegio
756 4524 996 4591 ldsnsheldieno
1015 4529 1101 4589 extre
1120 4521 1376 4596 Uniuersitabem

259 4650 347 4698 nense
368 4630 538 4699 Februario
563 4630 823 4699 uncccovrn.

926 4869 1126 4939 Alexander
1148 4868 1289 4936 beuter.
