<?xml version="1.0" encoding="UTF-8"?>
<!DOCTYPE html PUBLIC "-//W3C//DTD XHTML 1.0 Transitional//EN"
    "http://www.w3.org/TR/xhtml1/DTD/xhtml1-transitional.dtd">
<html xmlns="http://www.w3.org/1999/xhtml" xml:lang="en" lang="en">
 <head>
  <title>
</title>
<meta http-equiv="Content-Type" content="text/html;charset=utf-8" />
  <meta name='ocr-system' content='tesseract 3.04.00' />
  <meta name='ocr-capabilities' content='ocr_page ocr_carea ocr_par ocr_line ocrx_word'/>
</head>
<body>
  <div class='ocr_page' id='page_1' title='image "./pseudoaugustini00soutgoog_0173.png"; bbox 0 0 3275 6434; ppageno 0'>
   <div class='ocr_carea' id='block_1_1' title="bbox 614 1423 1402 1496">
    <p class='ocr_par' dir='ltr' id='par_1_1' title="bbox 614 1423 1402 1496">
     <span class='ocr_line' id='line_1_1' title="bbox 614 1423 1402 1496; baseline 0.019 -16"><span class='ocrx_word' id='word_1_1' title='bbox 614 1423 1055 1496; x_wconf 74' lang='lat' dir='ltr'><strong>eapbxxvla-Lxxvna.</strong></span> <span class='ocrx_word' id='word_1_2' title='bbox 1341 1430 1402 1494; x_wconf 78' lang='lat'><strong>131</strong></span> 
     </span>
    </p>
   </div>
   <div class='ocr_carea' id='block_1_2' title="bbox 215 1618 1408 4554">
    <p class='ocr_par' dir='ltr' id='par_1_2' title="bbox 261 1618 1405 2019">
     <span class='ocr_line' id='line_1_2' title="bbox 264 1618 1405 1704; baseline 0 -20"><span class='ocrx_word' id='word_1_3' title='bbox 264 1620 327 1685; x_wconf 89' lang='lat' dir='ltr'><strong>illis</strong></span> <span class='ocrx_word' id='word_1_4' title='bbox 350 1623 459 1684; x_wconf 82' lang='lat' dir='ltr'><strong>antem</strong></span> <span class='ocrx_word' id='word_1_5' title='bbox 483 1619 537 1703; x_wconf 84' lang='lat' dir='ltr'><strong>qui</strong></span> <span class='ocrx_word' id='word_1_6' title='bbox 560 1619 681 1686; x_wconf 89' lang='lat' dir='ltr'><strong>nullius</strong></span> <span class='ocrx_word' id='word_1_7' title='bbox 703 1637 799 1703; x_wconf 90' lang='lat' dir='ltr'><strong>prope</strong></span> <span class='ocrx_word' id='word_1_8' title='bbox 818 1618 983 1703; x_wconf 81' lang='lat' dir='ltr'><strong>dignitatis</strong></span> <span class='ocrx_word' id='word_1_9' title='bbox 1003 1619 1158 1686; x_wconf 85' lang='lat' dir='ltr'><strong>essentia</strong></span> <span class='ocrx_word' id='word_1_10' title='bbox 1177 1621 1259 1704; x_wconf 81' lang='lat' dir='ltr'><strong>lege,</strong></span> <span class='ocrx_word' id='word_1_11' title='bbox 1279 1620 1405 1686; x_wconf 89' lang='lat' dir='ltr'><strong>creden·</strong></span> 
     </span>
     <span class='ocr_line' id='line_1_3' title="bbox 262 1723 1403 1810; baseline 0.002 -21"><span class='ocrx_word' id='word_1_12' title='bbox 262 1725 349 1791; x_wconf 89' lang='lat' dir='ltr'><strong>tibus</strong></span> <span class='ocrx_word' id='word_1_13' title='bbox 378 1743 454 1791; x_wconf 89' lang='lat' dir='ltr'><strong>nero</strong></span> <span class='ocrx_word' id='word_1_14' title='bbox 478 1724 509 1790; x_wconf 91' lang='lat' dir='ltr'><strong>in</strong></span> <span class='ocrx_word' id='word_1_15' title='bbox 534 1723 706 1802; x_wconf 80' lang='lat' dir='ltr'><strong>Christum,</strong></span> <span class='ocrx_word' id='word_1_16' title='bbox 734 1726 922 1790; x_wconf 90' lang='lat' dir='ltr'><strong>resurrectio</strong></span> <span class='ocrx_word' id='word_1_17' title='bbox 950 1725 981 1790; x_wconf 94' lang='lat' dir='ltr'><strong>in</strong></span> <span class='ocrx_word' id='word_1_18' title='bbox 1009 1724 1140 1806; x_wconf 78' lang='lat' dir='ltr'>Israhel,</span> <span class='ocrx_word' id='word_1_19' title='bbox 1166 1729 1203 1790; x_wconf 89' lang='lat' dir='ltr'><strong>nt</strong></span> <span class='ocrx_word' id='word_1_20' title='bbox 1230 1725 1318 1810; x_wconf 75' lang='lat' dir='ltr'><strong>digni</strong></span> <span class='ocrx_word' id='word_1_21' title='bbox 1345 1725 1403 1791; x_wconf 92' lang='lat' dir='ltr'><strong>deo</strong></span> 
     </span>
     <span class='ocr_line' id='line_1_4' title="bbox 261 1829 1405 1914; baseline 0 -19"><span class='ocrx_word' id='word_1_22' title='bbox 261 1830 371 1896; x_wconf 77' lang='lat' dir='ltr'><strong>demut</strong></span> <span class='ocrx_word' id='word_1_23' title='bbox 402 1831 459 1913; x_wconf 82' lang='lat' dir='ltr'><strong>qui</strong></span> <span class='ocrx_word' id='word_1_24' title='bbox 486 1830 575 1912; x_wconf 88' lang='lat' dir='ltr'><strong>prius</strong></span> <span class='ocrx_word' id='word_1_25' title='bbox 601 1829 722 1914; x_wconf 76' lang='lat' dir='ltr'><strong>indigni</strong></span> <span class='ocrx_word' id='word_1_26' title='bbox 750 1834 783 1895; x_wconf 91' lang='lat' dir='ltr'><strong>et</strong></span> <span class='ocrx_word' id='word_1_27' title='bbox 810 1830 939 1896; x_wconf 89' lang='lat' dir='ltr'><strong>inutiles</strong></span> <span class='ocrx_word' id='word_1_28' title='bbox 971 1834 1069 1909; x_wconf 87' lang='lat' dir='ltr'><strong>erant,</strong></span> <span class='ocrx_word' id='word_1_29' title='bbox 1102 1834 1135 1895; x_wconf 88' lang='lat' dir='ltr'><strong>et</strong></span> <span class='ocrx_word' id='word_1_30' title='bbox 1165 1831 1405 1914; x_wconf 72' lang='lat' dir='ltr'><strong>reprobarentur</strong></span> 
     </span>
     <span class='ocr_line' id='line_1_5' title="bbox 261 1934 1404 2019; baseline 0 -18"><span class='ocrx_word' id='word_1_31' title='bbox 261 1936 316 2018; x_wconf 90' lang='lat' dir='ltr'><strong>qni</strong></span> <span class='ocrx_word' id='word_1_32' title='bbox 338 1935 461 2019; x_wconf 84' lang='lat' dir='ltr'><strong>aliquid</strong></span> <span class='ocrx_word' id='word_1_33' title='bbox 479 1935 680 2017; x_wconf 82' lang='lat' dir='ltr'><strong>potabantur.</strong></span> <span class='ocrx_word' id='word_1_34' title='bbox 704 1934 764 2000; x_wconf 87' lang='lat' dir='ltr'><strong>lroc</strong></span> <span class='ocrx_word' id='word_1_35' title='bbox 786 1938 838 2000; x_wconf 88' lang='lat' dir='ltr'><strong>est</strong></span> <span class='ocrx_word' id='word_1_36' title='bbox 860 1935 943 2019; x_wconf 84' lang='lat' dir='ltr'><strong>quod</strong></span> <span class='ocrx_word' id='word_1_37' title='bbox 966 1936 1029 2001; x_wconf 84' lang='lat' dir='ltr'><strong>alio</strong></span> <span class='ocrx_word' id='word_1_38' title='bbox 1053 1936 1123 2001; x_wconf 91' lang='lat' dir='ltr'><strong>loco</strong></span> <span class='ocrx_word' id='word_1_39' title='bbox 1147 1936 1224 2002; x_wconf 90' lang='lat' dir='ltr'><strong>dicit</strong></span> <span class='ocrx_word' id='word_1_40' title='bbox 1242 1936 1404 2002; x_wconf 83' lang='lat' dir='ltr'><strong>dominus:</strong></span> 
     </span>
    </p>

    <p class='ocr_par' dir='ltr' id='par_1_3' title="bbox 225 2040 1404 2547">
     <span class='ocr_line' id='line_1_6' title="bbox 225 2040 1404 2126; baseline 0.001 -20"><span class='ocrx_word' id='word_1_41' title='bbox 225 2043 296 2107; x_wconf 89' lang='lat' dir='ltr'><strong>ein</strong></span> <span class='ocrx_word' id='word_1_42' title='bbox 310 2040 456 2107; x_wconf 91' lang='lat' dir='ltr'><strong>iudicio</strong></span> <span class='ocrx_word' id='word_1_43' title='bbox 476 2060 544 2125; x_wconf 75' lang='lat' dir='ltr'><strong>ego</strong></span> <span class='ocrx_word' id='word_1_44' title='bbox 563 2041 651 2106; x_wconf 89' lang='lat' dir='ltr'><strong>ueni</strong></span> <span class='ocrx_word' id='word_1_45' title='bbox 669 2041 705 2105; x_wconf 91' lang='lat' dir='ltr'><strong>in</strong></span> <span class='ocrx_word' id='word_1_46' title='bbox 723 2040 819 2106; x_wconf 88' lang='lat' dir='ltr'><strong>bunc</strong></span> <span class='ocrx_word' id='word_1_47' title='bbox 838 2041 1025 2120; x_wconf 85' lang='lat' dir='ltr'><strong>mundum,</strong></span> <span class='ocrx_word' id='word_1_48' title='bbox 1044 2047 1086 2106; x_wconf 89' lang='lat' dir='ltr'><strong>ut</strong></span> <span class='ocrx_word' id='word_1_49' title='bbox 1105 2043 1168 2126; x_wconf 85' lang='lat' dir='ltr'><strong>qui</strong></span> <span class='ocrx_word' id='word_1_50' title='bbox 1187 2060 1256 2109; x_wconf 90' lang='lat' dir='ltr'><strong>non</strong></span> <span class='ocrx_word' id='word_1_51' title='bbox 1274 2041 1404 2108; x_wconf 90' lang='lat' dir='ltr'><strong>uident</strong></span> 
     </span>
     <span class='ocr_line' id='line_1_7' title="bbox 259 2146 1404 2232; baseline 0.001 -21"><span class='ocrx_word' id='word_1_52' title='bbox 259 2146 416 2213; x_wconf 84' lang='lat' dir='ltr'><strong>uideant</strong></span> <span class='ocrx_word' id='word_1_53' title='bbox 453 2151 491 2212; x_wconf 91' lang='lat' dir='ltr'><strong>et</strong></span> <span class='ocrx_word' id='word_1_54' title='bbox 525 2146 588 2229; x_wconf 88' lang='lat' dir='ltr'><strong>qui</strong></span> <span class='ocrx_word' id='word_1_55' title='bbox 624 2146 754 2212; x_wconf 91' lang='lat' dir='ltr'><strong>uident</strong></span> <span class='ocrx_word' id='word_1_56' title='bbox 787 2147 890 2213; x_wconf 92' lang='lat' dir='ltr'><strong>caeci</strong></span> <span class='ocrx_word' id='word_1_57' title='bbox 926 2147 1032 2213; x_wconf 82' lang='lat' dir='ltr'><strong>iiant.</strong></span> <span class='ocrx_word' id='word_1_58' title='bbox 1070 2147 1203 2230; x_wconf 87' lang='lat' dir='ltr'><strong>denique</strong></span> <span class='ocrx_word' id='word_1_59' title='bbox 1231 2167 1294 2214; x_wconf 94' lang='lat' dir='ltr'><strong>non</strong></span> <span class='ocrx_word' id='word_1_60' title='bbox 1322 2148 1404 2232; x_wconf 83' lang='lat' dir='ltr'><strong>legis</strong></span> 
     </span>
     <span class='ocr_line' id='line_1_8' title="bbox 258 2251 1404 2332; baseline 0.003 -16"><span class='ocrx_word' id='word_1_61' title='bbox 258 2252 418 2329; x_wconf 82' lang='lat' dir='ltr'><strong>doctores,</strong></span> <span class='ocrx_word' id='word_1_62' title='bbox 441 2271 502 2319; x_wconf 91' lang='lat' dir='ltr'><strong>non</strong></span> <span class='ocrx_word' id='word_1_63' title='bbox 525 2252 655 2330; x_wconf 75' lang='lat' dir='ltr'><strong>Parisoi,</strong></span> <span class='ocrx_word' id='word_1_64' title='bbox 679 2270 740 2317; x_wconf 92' lang='lat' dir='ltr'><strong>non</strong></span> <span class='ocrx_word' id='word_1_65' title='bbox 763 2251 885 2318; x_wconf 86' lang='lat' dir='ltr'><strong>scribae</strong></span> <span class='ocrx_word' id='word_1_66' title='bbox 913 2253 1014 2318; x_wconf 90' lang='lat' dir='ltr'><strong>secuti</strong></span> <span class='ocrx_word' id='word_1_67' title='bbox 1044 2257 1120 2318; x_wconf 90' lang='lat' dir='ltr'><strong>sunt</strong></span> <span class='ocrx_word' id='word_1_68' title='bbox 1147 2252 1318 2332; x_wconf 80' lang='lat' dir='ltr'><strong>christum,</strong></span> <span class='ocrx_word' id='word_1_69' title='bbox 1347 2253 1404 2319; x_wconf 88' lang='lat' dir='ltr'><strong>sed</strong></span> 
     </span>
     <span class='ocr_line' id='line_1_9' title="bbox 257 2357 1402 2442; baseline 0.002 -21"><span class='ocrx_word' id='word_1_70' title='bbox 257 2358 447 2441; x_wconf 80' lang='lat' dir='ltr'><strong>piscatores,</strong></span> <span class='ocrx_word' id='word_1_71' title='bbox 470 2358 613 2425; x_wconf 86' lang='lat' dir='ltr'><strong>homines</strong></span> <span class='ocrx_word' id='word_1_72' title='bbox 634 2357 762 2442; x_wconf 79' lang='lat' dir='ltr'><strong>inperiti</strong></span> <span class='ocrx_word' id='word_1_73' title='bbox 781 2360 814 2422; x_wconf 91' lang='lat' dir='ltr'><strong>et</strong></span> <span class='ocrx_word' id='word_1_74' title='bbox 836 2358 998 2424; x_wconf 86' lang='lat' dir='ltr'><strong>rusticani.</strong></span> <span class='ocrx_word' id='word_1_75' title='bbox 1031 2358 1105 2424; x_wconf 88' lang='lat' dir='ltr'><strong>binc</strong></span> <span class='ocrx_word' id='word_1_76' title='bbox 1133 2362 1183 2424; x_wconf 90' lang='lat' dir='ltr'><strong>est</strong></span> <span class='ocrx_word' id='word_1_77' title='bbox 1209 2358 1292 2424; x_wconf 92' lang='lat' dir='ltr'><strong>unde</strong></span> <span class='ocrx_word' id='word_1_78' title='bbox 1324 2357 1402 2424; x_wconf 90' lang='lat' dir='ltr'><strong>dicit</strong></span> 
     </span>
     <span class='ocr_line' id='line_1_10' title="bbox 258 2462 1403 2547; baseline 0.001 -19"><span class='ocrx_word' id='word_1_79' title='bbox 258 2463 424 2530; x_wconf 89' lang='lat' dir='ltr'><strong>dominns:</strong></span> <span class='ocrx_word' id='word_1_80' title='bbox 465 2467 580 2546; x_wconf 88' lang='lat' dir='ltr'><strong>pater.</strong></span> <span class='ocrx_word' id='word_1_81' title='bbox 612 2462 756 2546; x_wconf 74' lang='lat' dir='ltr'><strong>gratias</strong></span> <span class='ocrx_word' id='word_1_82' title='bbox 793 2481 861 2547; x_wconf 78' lang='lat' dir='ltr'><strong>ago</strong></span> <span class='ocrx_word' id='word_1_83' title='bbox 898 2463 982 2539; x_wconf 85' lang='lat' dir='ltr'><strong>tibi,</strong></span> <span class='ocrx_word' id='word_1_84' title='bbox 1024 2463 1121 2546; x_wconf 87' lang='lat' dir='ltr'><strong>quod</strong></span> <span class='ocrx_word' id='word_1_85' title='bbox 1162 2462 1403 2531; x_wconf 76' lang='lat' dir='ltr'><strong>abscondisti</strong></span> 
     </span>
    </p>

    <p class='ocr_par' dir='ltr' id='par_1_4' title="bbox 215 2566 1401 2758">
     <span class='ocr_line' id='line_1_11' title="bbox 215 2566 1401 2654; baseline 0.003 -22"><span class='ocrx_word' id='word_1_86' title='bbox 215 2568 351 2635; x_wconf 86' lang='lat' dir='ltr'><strong>rohuec</strong></span> <span class='ocrx_word' id='word_1_87' title='bbox 383 2587 403 2634; x_wconf 91' lang='lat' dir='ltr'><strong>a</strong></span> <span class='ocrx_word' id='word_1_88' title='bbox 433 2568 673 2654; x_wconf 87' lang='lat' dir='ltr'><strong>sapientibus</strong></span> <span class='ocrx_word' id='word_1_89' title='bbox 707 2572 744 2635; x_wconf 92' lang='lat' dir='ltr'><strong>et</strong></span> <span class='ocrx_word' id='word_1_90' title='bbox 781 2566 1035 2652; x_wconf 78' lang='lat' dir='ltr'><strong>prudentibus</strong></span> <span class='ocrx_word' id='word_1_91' title='bbox 1074 2573 1112 2636; x_wconf 92' lang='lat' dir='ltr'><strong>et</strong></span> <span class='ocrx_word' id='word_1_92' title='bbox 1142 2569 1327 2635; x_wconf 88' lang='lat' dir='ltr'><strong>reuelasti</strong></span> <span class='ocrx_word' id='word_1_93' title='bbox 1360 2588 1401 2635; x_wconf 89' lang='lat' dir='ltr'><strong>ea</strong></span> 
     </span>
     <span class='ocr_line' id='line_1_12' title="bbox 258 2675 445 2758; baseline 0.011 -19"><span class='ocrx_word' id='word_1_94' title='bbox 258 2675 445 2758; x_wconf 87' lang='lat' dir='ltr'><strong>paruolis.</strong></span> 
     </span>
    </p>

    <p class='ocr_par' dir='ltr' id='par_1_5' title="bbox 258 2778 1403 3078">
     <span class='ocr_line' id='line_1_13' title="bbox 303 2778 1403 2865; baseline 0.001 -20"><span class='ocrx_word' id='word_1_95' title='bbox 303 2783 335 2846; x_wconf 87' lang='grc'><strong>2.</strong></span> <span class='ocrx_word' id='word_1_96' title='bbox 361 2779 454 2861; x_wconf 82' lang='lat' dir='ltr'><strong>Quod</strong></span> <span class='ocrx_word' id='word_1_97' title='bbox 477 2785 585 2846; x_wconf 84' lang='lat' dir='ltr'><strong>autem</strong></span> <span class='ocrx_word' id='word_1_98' title='bbox 608 2778 725 2846; x_wconf 86' lang='lat' dir='ltr'><strong>adiecit</strong></span> <span class='ocrx_word' id='word_1_99' title='bbox 747 2779 869 2846; x_wconf 88' lang='lat' dir='ltr'><strong>dicens:</strong></span> <span class='ocrx_word' id='word_1_100' title='bbox 900 2783 938 2845; x_wconf 83' lang='lat' dir='ltr'><strong>ct</strong></span> <span class='ocrx_word' id='word_1_101' title='bbox 959 2784 1061 2846; x_wconf 89' lang='lat' dir='ltr'><strong>tuam</strong></span> <span class='ocrx_word' id='word_1_102' title='bbox 1088 2781 1211 2865; x_wconf 89' lang='lat' dir='ltr'><strong>ipsius</strong></span> <span class='ocrx_word' id='word_1_103' title='bbox 1242 2781 1403 2847; x_wconf 90' lang='lat' dir='ltr'><strong>animam</strong></span> 
     </span>
     <span class='ocr_line' id='line_1_14' title="bbox 258 2884 1403 2971; baseline 0.002 -20"><span class='ocrx_word' id='word_1_104' title='bbox 258 2885 513 2969; x_wconf 69' lang='lat' dir='ltr'><strong>pertransibit</strong></span> <span class='ocrx_word' id='word_1_105' title='bbox 531 2884 694 2971; x_wconf 78' lang='lat' dir='ltr'><strong>gladios.</strong></span> <span class='ocrx_word' id='word_1_106' title='bbox 713 2889 754 2951; x_wconf 91' lang='lat' dir='ltr'><strong>nt</strong></span> <span class='ocrx_word' id='word_1_107' title='bbox 776 2886 996 2952; x_wconf 88' lang='lat' dir='ltr'><strong>reuelentur</strong></span> <span class='ocrx_word' id='word_1_108' title='bbox 1013 2886 1217 2953; x_wconf 89' lang='lat' dir='ltr'><strong>multorum</strong></span> <span class='ocrx_word' id='word_1_109' title='bbox 1235 2886 1403 2953; x_wconf 90' lang='lat' dir='ltr'><strong>cordium</strong></span> 
     </span>
     <span class='ocr_line' id='line_1_15' title="bbox 259 2990 1401 3078; baseline 0.001 -22"><span class='ocrx_word' id='word_1_110' title='bbox 259 2991 532 3078; x_wconf 77' lang='lat' dir='ltr'><strong>cogitationes,</strong></span> <span class='ocrx_word' id='word_1_111' title='bbox 555 2990 616 3056; x_wconf 91' lang='lat' dir='ltr'><strong>hoc</strong></span> <span class='ocrx_word' id='word_1_112' title='bbox 639 2990 751 3075; x_wconf 85' lang='lat' dir='ltr'><strong>ntique</strong></span> <span class='ocrx_word' id='word_1_113' title='bbox 774 2990 981 3076; x_wconf 78' lang='lat' dir='ltr'><strong>significauit,</strong></span> <span class='ocrx_word' id='word_1_114' title='bbox 1005 2990 1197 3075; x_wconf 80' lang='lat' dir='ltr'><strong>quinetiam</strong></span> <span class='ocrx_word' id='word_1_115' title='bbox 1220 2992 1330 3070; x_wconf 81' lang='lat' dir='ltr'><strong>Maria,</strong></span> <span class='ocrx_word' id='word_1_116' title='bbox 1350 3009 1401 3076; x_wconf 87' lang='lat' dir='ltr'><strong>per</strong></span> 
     </span>
    </p>

    <p class='ocr_par' dir='ltr' id='par_1_6' title="bbox 218 3096 1408 4554">
     <span class='ocr_line' id='line_1_16' title="bbox 218 3096 1405 3183; baseline 0.001 -22"><span class='ocrx_word' id='word_1_117' title='bbox 218 3117 356 3181; x_wconf 77' lang='lat' dir='ltr'><strong>requam</strong></span> <span class='ocrx_word' id='word_1_118' title='bbox 379 3099 508 3183; x_wconf 79' lang='lat' dir='ltr'><strong>gestum</strong></span> <span class='ocrx_word' id='word_1_119' title='bbox 530 3097 718 3181; x_wconf 72' lang='lat' dir='ltr'><strong>mysterium</strong></span> <span class='ocrx_word' id='word_1_120' title='bbox 742 3101 793 3161; x_wconf 88' lang='lat' dir='ltr'><strong>est</strong></span> <span class='ocrx_word' id='word_1_121' title='bbox 809 3096 1036 3162; x_wconf 90' lang='lat' dir='ltr'><strong>iucarnationis</strong></span> <span class='ocrx_word' id='word_1_122' title='bbox 1055 3097 1234 3177; x_wconf 85' lang='lat' dir='ltr'><strong>saluatoris,</strong></span> <span class='ocrx_word' id='word_1_123' title='bbox 1253 3097 1284 3163; x_wconf 92' lang='lat' dir='ltr'><strong>in</strong></span> <span class='ocrx_word' id='word_1_124' title='bbox 1303 3101 1405 3164; x_wconf 90' lang='lat' dir='ltr'><strong>morte</strong></span> 
     </span>
     <span class='ocr_line' id='line_1_17' title="bbox 261 3201 1405 3281; baseline 0 -14"><span class='ocrx_word' id='word_1_125' title='bbox 261 3202 381 3268; x_wconf 90' lang='lat' dir='ltr'><strong>domini</strong></span> <span class='ocrx_word' id='word_1_126' title='bbox 399 3201 570 3280; x_wconf 86' lang='lat' dir='ltr'><strong>dubitaret,</strong></span> <span class='ocrx_word' id='word_1_127' title='bbox 589 3201 635 3266; x_wconf 91' lang='lat' dir='ltr'><strong>ita</strong></span> <span class='ocrx_word' id='word_1_128' title='bbox 652 3205 769 3281; x_wconf 84' lang='lat' dir='ltr'><strong>tameo,</strong></span> <span class='ocrx_word' id='word_1_129' title='bbox 789 3206 827 3267; x_wconf 90' lang='lat' dir='ltr'><strong>ut</strong></span> <span class='ocrx_word' id='word_1_130' title='bbox 844 3203 1073 3269; x_wconf 84' lang='lat' dir='ltr'><strong>resurrectione</strong></span> <span class='ocrx_word' id='word_1_131' title='bbox 1092 3203 1276 3269; x_wconf 78' lang='lat' dir='ltr'><strong>firmaretur.</strong></span> <span class='ocrx_word' id='word_1_132' title='bbox 1295 3220 1405 3268; x_wconf 90' lang='lat' dir='ltr'><strong>omnes</strong></span> 
     </span>
     <span class='ocr_line' id='line_1_18' title="bbox 262 3306 1408 3392; baseline 0.001 -20"><span class='ocrx_word' id='word_1_133' title='bbox 262 3309 345 3375; x_wconf 84' lang='lat' dir='ltr'><strong>enim</strong></span> <span class='ocrx_word' id='word_1_134' title='bbox 367 3310 498 3391; x_wconf 90' lang='lat' dir='ltr'><strong>stupore</strong></span> <span class='ocrx_word' id='word_1_135' title='bbox 521 3307 659 3392; x_wconf 84' lang='lat' dir='ltr'><strong>quodam</strong></span> <span class='ocrx_word' id='word_1_136' title='bbox 681 3307 713 3371; x_wconf 92' lang='lat' dir='ltr'><strong>io</strong></span> <span class='ocrx_word' id='word_1_137' title='bbox 738 3310 838 3374; x_wconf 90' lang='lat' dir='ltr'><strong>morte</strong></span> <span class='ocrx_word' id='word_1_138' title='bbox 862 3306 983 3373; x_wconf 87' lang='lat' dir='ltr'><strong>domini</strong></span> <span class='ocrx_word' id='word_1_139' title='bbox 1008 3308 1202 3375; x_wconf 86' lang='lat' dir='ltr'><strong>dubitarunt</strong></span> <span class='ocrx_word' id='word_1_140' title='bbox 1225 3308 1297 3392; x_wconf 85' lang='lat' dir='ltr'><strong>quis</strong></span> <span class='ocrx_word' id='word_1_141' title='bbox 1321 3308 1408 3385; x_wconf 85' lang='lat' dir='ltr'><strong>enirn</strong></span> 
     </span>
     <span class='ocr_line' id='line_1_19' title="bbox 263 3411 1406 3498; baseline -0.001 -19"><span class='ocrx_word' id='word_1_142' title='bbox 263 3432 321 3481; x_wconf 94' lang='lat' dir='ltr'><strong>non</strong></span> <span class='ocrx_word' id='word_1_143' title='bbox 356 3412 535 3498; x_wconf 77' lang='lat' dir='ltr'><strong>ambigeret</strong></span> <span class='ocrx_word' id='word_1_144' title='bbox 567 3411 679 3480; x_wconf 91' lang='lat' dir='ltr'><strong>uidene</strong></span> <span class='ocrx_word' id='word_1_145' title='bbox 711 3432 795 3493; x_wconf 85' lang='lat' dir='ltr'><strong>eum,</strong></span> <span class='ocrx_word' id='word_1_146' title='bbox 829 3414 884 3497; x_wconf 88' lang='lat' dir='ltr'><strong>qui</strong></span> <span class='ocrx_word' id='word_1_147' title='bbox 917 3432 951 3479; x_wconf 92' lang='lat' dir='ltr'><strong>se</strong></span> <span class='ocrx_word' id='word_1_148' title='bbox 983 3413 1084 3479; x_wconf 88' lang='lat' dir='ltr'><strong>fllium</strong></span> <span class='ocrx_word' id='word_1_149' title='bbox 1117 3413 1168 3480; x_wconf 89' lang='lat' dir='ltr'><strong>dei</strong></span> <span class='ocrx_word' id='word_1_150' title='bbox 1198 3413 1334 3493; x_wconf 84' lang='lat' dir='ltr'><strong>dicebat,</strong></span> <span class='ocrx_word' id='word_1_151' title='bbox 1357 3413 1406 3480; x_wconf 91' lang='lat' dir='ltr'><strong>sic</strong></span> 
     </span>
     <span class='ocr_line' id='line_1_20' title="bbox 262 3518 1406 3604; baseline -0.001 -19"><span class='ocrx_word' id='word_1_152' title='bbox 262 3518 475 3597; x_wconf 83' lang='lat' dir='ltr'><strong>humiliatum,</strong></span> <span class='ocrx_word' id='word_1_153' title='bbox 509 3522 544 3584; x_wconf 87' lang='lat' dir='ltr'><strong>nt</strong></span> <span class='ocrx_word' id='word_1_154' title='bbox 575 3537 682 3603; x_wconf 86' lang='lat' dir='ltr'><strong>usqne</strong></span> <span class='ocrx_word' id='word_1_155' title='bbox 714 3518 754 3585; x_wconf 87' lang='lat' dir='ltr'><strong>ad</strong></span> <span class='ocrx_word' id='word_1_156' title='bbox 781 3521 915 3585; x_wconf 90' lang='lat' dir='ltr'><strong>mortem</strong></span> <span class='ocrx_word' id='word_1_157' title='bbox 944 3518 1168 3586; x_wconf 80' lang='lat' dir='ltr'><strong>descenderet?</strong></span> <span class='ocrx_word' id='word_1_158' title='bbox 1196 3525 1229 3586; x_wconf 91' lang='lat' dir='ltr'><strong>et</strong></span> <span class='ocrx_word' id='word_1_159' title='bbox 1255 3519 1340 3604; x_wconf 87' lang='lat' dir='ltr'><strong>quia,</strong></span> <span class='ocrx_word' id='word_1_160' title='bbox 1367 3522 1406 3584; x_wconf 93' lang='lat' dir='ltr'><strong>ut</strong></span> 
     </span>
     <span class='ocr_line' id='line_1_21' title="bbox 231 3624 1404 3711; baseline -0.001 -18"><span class='ocrx_word' id='word_1_161' title='bbox 231 3652 254 3693; x_wconf 74' lang='lat' dir='ltr'><strong>ro</strong></span> <span class='ocrx_word' id='word_1_162' title='bbox 268 3624 337 3703; x_wconf 80' lang='lat' dir='ltr'><strong>dini,</strong></span> <span class='ocrx_word' id='word_1_163' title='bbox 370 3625 474 3693; x_wconf 88' lang='lat' dir='ltr'><strong>omnis</strong></span> <span class='ocrx_word' id='word_1_164' title='bbox 507 3624 700 3711; x_wconf 77' lang='lat' dir='ltr'><strong>ambiguitas</strong></span> <span class='ocrx_word' id='word_1_165' title='bbox 732 3625 961 3692; x_wconf 88' lang='lat' dir='ltr'><strong>resurrectione</strong></span> <span class='ocrx_word' id='word_1_166' title='bbox 989 3625 1109 3692; x_wconf 91' lang='lat' dir='ltr'><strong>domini</strong></span> <span class='ocrx_word' id='word_1_167' title='bbox 1135 3643 1299 3693; x_wconf 82' lang='lat' dir='ltr'><strong>recessura</strong></span> <span class='ocrx_word' id='word_1_168' title='bbox 1326 3630 1404 3703; x_wconf 85' lang='lat' dir='ltr'><strong>erat,</strong></span> 
     </span>
     <span class='ocr_line' id='line_1_22' title="bbox 265 3729 1404 3818; baseline -0.001 -21"><span class='ocrx_word' id='word_1_169' title='bbox 265 3731 471 3814; x_wconf 70' lang='lat' dir='ltr'><strong>‘promente‘</strong></span> <span class='ocrx_word' id='word_1_170' title='bbox 504 3730 583 3797; x_wconf 82' lang='lat' dir='ltr'><strong>dixit</strong></span> <span class='ocrx_word' id='word_1_171' title='bbox 612 3729 765 3815; x_wconf 77' lang='lat' dir='ltr'><strong>gladium,</strong></span> <span class='ocrx_word' id='word_1_172' title='bbox 798 3749 860 3798; x_wconf 90' lang='lat' dir='ltr'><strong>noo</strong></span> <span class='ocrx_word' id='word_1_173' title='bbox 896 3730 1103 3814; x_wconf 87' lang='lat' dir='ltr'><strong>supercadere</strong></span> <span class='ocrx_word' id='word_1_174' title='bbox 1134 3736 1190 3797; x_wconf 90' lang='lat' dir='ltr'><strong>aut</strong></span> <span class='ocrx_word' id='word_1_175' title='bbox 1221 3733 1404 3818; x_wconf 78' lang='lat' dir='ltr'><strong>contingere</strong></span> 
     </span>
     <span class='ocr_line' id='line_1_23' title="bbox 267 3835 1403 3922; baseline -0.001 -19"><span class='ocrx_word' id='word_1_176' title='bbox 267 3840 477 3903; x_wconf 74' lang='lat' dir='ltr'><strong>uaneenntenn</strong></span> <span class='ocrx_word' id='word_1_177' title='bbox 501 3836 682 3917; x_wconf 78' lang='lat' dir='ltr'><strong>membrum¹</strong></span> <span class='ocrx_word' id='word_1_178' title='bbox 700 3835 841 3921; x_wconf 88' lang='lat' dir='ltr'><strong>aliquod.</strong></span> <span class='ocrx_word' id='word_1_179' title='bbox 870 3840 907 3901; x_wconf 93' lang='lat' dir='ltr'><strong>ut</strong></span> <span class='ocrx_word' id='word_1_180' title='bbox 935 3837 1021 3903; x_wconf 89' lang='lat' dir='ltr'><strong>sicut</strong></span> <span class='ocrx_word' id='word_1_181' title='bbox 1042 3835 1169 3921; x_wconf 79' lang='lat' dir='ltr'><strong>gladius</strong></span> <span class='ocrx_word' id='word_1_182' title='bbox 1192 3837 1312 3904; x_wconf 90' lang='lat' dir='ltr'><strong>misens</strong></span> <span class='ocrx_word' id='word_1_183' title='bbox 1336 3855 1403 3922; x_wconf 93' lang='lat' dir='ltr'><strong>per·</strong></span> 
     </span>
     <span class='ocr_line' id='line_1_24' title="bbox 268 3941 1403 4028; baseline 0 -20"><span class='ocrx_word' id='word_1_184' title='bbox 268 3942 417 4009; x_wconf 85' lang='lat' dir='ltr'><strong>transiens</strong></span> <span class='ocrx_word' id='word_1_185' title='bbox 444 3941 532 4007; x_wconf 80' lang='lat' dir='ltr'><strong>iuxta</strong></span> <span class='ocrx_word' id='word_1_186' title='bbox 560 3941 720 4007; x_wconf 86' lang='lat' dir='ltr'><strong>bominem</strong></span> <span class='ocrx_word' id='word_1_187' title='bbox 744 3942 891 4008; x_wconf 89' lang='lat' dir='ltr'><strong>timorem</strong></span> <span class='ocrx_word' id='word_1_188' title='bbox 919 3942 1005 4020; x_wconf 80' lang='lat' dir='ltr'><strong>saort,</strong></span> <span class='ocrx_word' id='word_1_189' title='bbox 1033 3946 1226 4009; x_wconf 88' lang='lat' dir='ltr'><strong>nontamen</strong></span> <span class='ocrx_word' id='word_1_190' title='bbox 1256 3943 1403 4028; x_wconf 84' lang='lat' dir='ltr'><strong>percutit,</strong></span> 
     </span>
     <span class='ocr_line' id='line_1_25' title="bbox 269 4046 1403 4133; baseline 0.002 -21"><span class='ocrx_word' id='word_1_191' title='bbox 269 4047 309 4113; x_wconf 79' lang='lat' dir='ltr'><strong>ita</strong></span> <span class='ocrx_word' id='word_1_192' title='bbox 327 4051 361 4113; x_wconf 85' lang='lat' dir='ltr'><strong>et</strong></span> <span class='ocrx_word' id='word_1_193' title='bbox 382 4046 541 4113; x_wconf 84' lang='lat' dir='ltr'><strong>dubitatio</strong></span> <span class='ocrx_word' id='word_1_194' title='bbox 560 4047 752 4113; x_wconf 85' lang='lat' dir='ltr'><strong>maestitiam</strong></span> <span class='ocrx_word' id='word_1_195' title='bbox 775 4047 861 4127; x_wconf 84' lang='lat' dir='ltr'><strong>iecit,</strong></span> <span class='ocrx_word' id='word_1_196' title='bbox 886 4050 1071 4114; x_wconf 90' lang='lat' dir='ltr'><strong>nontamen</strong></span> <span class='ocrx_word' id='word_1_197' title='bbox 1096 4047 1221 4128; x_wconf 88' lang='lat' dir='ltr'><strong>occidit,</strong></span> <span class='ocrx_word' id='word_1_198' title='bbox 1245 4049 1321 4133; x_wconf 86' lang='lat' dir='ltr'><strong>quia</strong></span> <span class='ocrx_word' id='word_1_199' title='bbox 1343 4068 1403 4116; x_wconf 91' lang='lat' dir='ltr'><strong>non</strong></span> 
     </span>
     <span class='ocr_line' id='line_1_26' title="bbox 241 4151 1405 4240; baseline 0.002 -22"><span class='ocrx_word' id='word_1_200' title='bbox 241 4152 348 4219; x_wconf 79' lang='lat' dir='ltr'><strong>osedit</strong></span> <span class='ocrx_word' id='word_1_201' title='bbox 367 4153 399 4219; x_wconf 93' lang='lat' dir='ltr'><strong>in</strong></span> <span class='ocrx_word' id='word_1_202' title='bbox 423 4152 539 4231; x_wconf 81' lang='lat' dir='ltr'><strong>animo,</strong></span> <span class='ocrx_word' id='word_1_203' title='bbox 563 4151 620 4219; x_wconf 91' lang='lat' dir='ltr'><strong>sed</strong></span> <span class='ocrx_word' id='word_1_204' title='bbox 642 4153 834 4236; x_wconf 86' lang='lat' dir='ltr'><strong>pertransiit,</strong></span> <span class='ocrx_word' id='word_1_205' title='bbox 859 4153 950 4238; x_wconf 84' lang='lat' dir='ltr'><strong>quasi</strong></span> <span class='ocrx_word' id='word_1_206' title='bbox 973 4173 1028 4238; x_wconf 91' lang='lat' dir='ltr'><strong>per</strong></span> <span class='ocrx_word' id='word_1_207' title='bbox 1050 4154 1195 4220; x_wconf 89' lang='lat' dir='ltr'><strong>umbram</strong></span> <span class='ocrx_word' id='word_1_208' title='bbox 1220 4155 1405 4240; x_wconf 82' lang='lat' dir='ltr'><strong>contingens</strong></span> 
     </span>
     <span class='ocr_line' id='line_1_27' title="bbox 275 4256 1402 4344; baseline 0 -20"><span class='ocrx_word' id='word_1_209' title='bbox 275 4256 358 4324; x_wconf 79' lang='lat' dir='ltr'><strong>eorda</strong></span> <span class='ocrx_word' id='word_1_210' title='bbox 378 4257 615 4341; x_wconf 85' lang='lat' dir='ltr'><strong>discipulorum.</strong></span> <span class='ocrx_word' id='word_1_211' title='bbox 638 4258 773 4343; x_wconf 88' lang='lat' dir='ltr'><strong>denique</strong></span> <span class='ocrx_word' id='word_1_212' title='bbox 797 4258 930 4344; x_wconf 76' lang='lat' dir='ltr'><strong>Cleopas</strong></span> <span class='ocrx_word' id='word_1_213' title='bbox 954 4264 987 4324; x_wconf 90' lang='lat' dir='ltr'><strong>et</strong></span> <span class='ocrx_word' id='word_1_214' title='bbox 1007 4262 1127 4326; x_wconf 76' lang='lat' dir='ltr'><strong>Amans</strong></span> <span class='ocrx_word' id='word_1_215' title='bbox 1158 4264 1269 4326; x_wconf 87' lang='lat' dir='ltr'><strong>euntes</strong></span> <span class='ocrx_word' id='word_1_216' title='bbox 1297 4260 1327 4325; x_wconf 90' lang='lat' dir='ltr'><strong>in</strong></span> <span class='ocrx_word' id='word_1_217' title='bbox 1352 4260 1402 4325; x_wconf 81' lang='lat' dir='ltr'><strong>uir</strong></span> 
     </span>
     <span class='ocr_line' id='line_1_28' title="bbox 278 4362 1392 4448; baseline 0.001 -21"><span class='ocrx_word' id='word_1_218' title='bbox 278 4363 373 4429; x_wconf 85' lang='lat' dir='ltr'><strong>tristes</strong></span> <span class='ocrx_word' id='word_1_219' title='bbox 394 4362 506 4429; x_wconf 88' lang='lat' dir='ltr'><strong>dicunt</strong></span> <span class='ocrx_word' id='word_1_220' title='bbox 526 4363 609 4430; x_wconf 87' lang='lat' dir='ltr'><strong>inter</strong></span> <span class='ocrx_word' id='word_1_221' title='bbox 630 4368 735 4431; x_wconf 84' lang='lat' dir='ltr'><strong>cetera</strong></span> <span class='ocrx_word' id='word_1_222' title='bbox 761 4364 823 4447; x_wconf 89' lang='lat' dir='ltr'><strong>ipsi</strong></span> <span class='ocrx_word' id='word_1_223' title='bbox 852 4362 978 4430; x_wconf 90' lang='lat' dir='ltr'><strong>domino</strong></span> <span class='ocrx_word' id='word_1_224' title='bbox 1002 4365 1178 4431; x_wconf 79' lang='lat' dir='ltr'><strong>nescientes</strong></span> <span class='ocrx_word' id='word_1_225' title='bbox 1206 4364 1281 4448; x_wconf 84' lang='lat' dir='ltr'><strong>quia</strong></span> <span class='ocrx_word' id='word_1_226' title='bbox 1306 4363 1392 4430; x_wconf 88' lang='lat' dir='ltr'><strong>domi</strong></span> 
     </span>
     <span class='ocr_line' id='line_1_29' title="bbox 282 4469 1407 4554; baseline 0.003 -22"><span class='ocrx_word' id='word_1_227' title='bbox 282 4486 330 4532; x_wconf 88' lang='lat' dir='ltr'><strong>nna</strong></span> <span class='ocrx_word' id='word_1_228' title='bbox 350 4472 412 4535; x_wconf 85' lang='lat' dir='ltr'><strong>est:</strong></span> <span class='ocrx_word' id='word_1_229' title='bbox 436 4486 503 4535; x_wconf 92' lang='lat' dir='ltr'><strong>nos</strong></span> <span class='ocrx_word' id='word_1_230' title='bbox 526 4470 765 4552; x_wconf 82' lang='lat' dir='ltr'><strong>putabamus,</strong></span> <span class='ocrx_word' id='word_1_231' title='bbox 789 4469 879 4554; x_wconf 86' lang='lat' dir='ltr'><strong>quia</strong></span> <span class='ocrx_word' id='word_1_232' title='bbox 901 4470 984 4554; x_wconf 89' lang='lat' dir='ltr'><strong>ipse</strong></span> <span class='ocrx_word' id='word_1_233' title='bbox 1007 4474 1088 4535; x_wconf 89' lang='lat' dir='ltr'><strong>erat</strong></span> <span class='ocrx_word' id='word_1_234' title='bbox 1110 4470 1173 4553; x_wconf 88' lang='lat' dir='ltr'><strong>qui</strong></span> <span class='ocrx_word' id='word_1_235' title='bbox 1196 4469 1407 4552; x_wconf 87' lang='lat' dir='ltr'><strong>incipiebat</strong></span> 
     </span>
    </p>
   </div>
   <div class='ocr_carea' id='block_1_3' title="bbox 292 4709 1405 4864">
    <p class='ocr_par' dir='ltr' id='par_1_7' title="bbox 292 4709 1405 4864">
     <span class='ocr_line' id='line_1_30' title="bbox 358 4709 1405 4781; baseline 0.002 -16"><span class='ocrx_word' id='word_1_236' title='bbox 358 4709 448 4765; x_wconf 74' lang='lat' dir='ltr'><strong>ticin.</strong></span> <span class='ocrx_word' id='word_1_237' title='bbox 468 4710 494 4778; x_wconf 76' lang='grc'><strong>9,</strong></span> <span class='ocrx_word' id='word_1_238' title='bbox 513 4710 547 4764; x_wconf 80' lang='grc'><strong>89</strong></span> <span class='ocrx_word' id='word_1_239' title='bbox 640 4713 657 4765; x_wconf 85' lang='grc'>9</span> <span class='ocrx_word' id='word_1_240' title='bbox 676 4711 773 4766; x_wconf 75' lang='lat' dir='ltr'><strong>nstro.</strong></span> <span class='ocrx_word' id='word_1_241' title='bbox 795 4712 837 4779; x_wconf 89' lang='grc'><strong>11,</strong></span> <span class='ocrx_word' id='word_1_242' title='bbox 856 4712 900 4767; x_wconf 82' lang='grc'><strong>25.</strong></span> <span class='ocrx_word' id='word_1_243' title='bbox 918 4710 982 4767; x_wconf 80' lang='lat' dir='ltr'><strong>Luc.</strong></span> <span class='ocrx_word' id='word_1_244' title='bbox 1003 4712 1045 4780; x_wconf 88' lang='lat'><strong>10,</strong></span> <span class='ocrx_word' id='word_1_245' title='bbox 1064 4711 1097 4765; x_wconf 82' lang='lat'><strong>21</strong></span> <span class='ocrx_word' id='word_1_246' title='bbox 1191 4710 1224 4765; x_wconf 89' lang='grc'><strong>12</strong></span> <span class='ocrx_word' id='word_1_247' title='bbox 1242 4710 1307 4766; x_wconf 82' lang='lat' dir='ltr'><strong>Luc.</strong></span> <span class='ocrx_word' id='word_1_248' title='bbox 1325 4710 1351 4781; x_wconf 85' lang='grc'><strong>2,</strong></span> <span class='ocrx_word' id='word_1_249' title='bbox 1370 4711 1405 4767; x_wconf 77' lang='lat' dir='ltr'><strong>db</strong></span> 
     </span>
     <span class='ocr_line' id='line_1_31' title="bbox 292 4796 500 4864; baseline 0.005 -14"><span class='ocrx_word' id='word_1_250' title='bbox 292 4796 318 4850; x_wconf 79' lang='grc'><strong>28</strong></span> <span class='ocrx_word' id='word_1_251' title='bbox 332 4796 388 4852; x_wconf 82' lang='lat' dir='ltr'><strong>tac.</strong></span> <span class='ocrx_word' id='word_1_252' title='bbox 404 4797 448 4864; x_wconf 84' lang='grc'><strong>24,</strong></span> <span class='ocrx_word' id='word_1_253' title='bbox 467 4798 500 4851; x_wconf 89' lang='grc'><strong>21</strong></span> 
     </span>
    </p>
   </div>
   <div class='ocr_carea' id='block_1_4' title="bbox 215 4921 1407 5357">
    <p class='ocr_par' dir='ltr' id='par_1_8' title="bbox 215 4921 1407 5357">
     <span class='ocr_line' id='line_1_32' title="bbox 215 4921 1406 5011; baseline 0.008 -26"><span class='ocrx_word' id='word_1_254' title='bbox 215 4932 261 4986; x_wconf 77' lang='lat' dir='ltr'><strong>:tu</strong></span> <span class='ocrx_word' id='word_1_255' title='bbox 320 4934 459 5006; x_wconf 67' lang='lat' dir='ltr'><strong>ldignitar</strong></span> <span class='ocrx_word' id='word_1_256' title='bbox 476 4938 531 4993; x_wconf 81' lang='lat' dir='ltr'><strong>FB</strong></span> <span class='ocrx_word' id='word_1_257' title='bbox 584 4921 694 5010; x_wconf 70' lang='lat' dir='ltr'><strong>diogen</strong></span> <span class='ocrx_word' id='word_1_258' title='bbox 711 4940 854 5009; x_wconf 61' lang='lat' dir='ltr'><strong>(corani</strong></span> <span class='ocrx_word' id='word_1_259' title='bbox 904 4939 1028 4996; x_wconf 86' lang='lat' dir='ltr'><strong>8dicent</strong></span> <span class='ocrx_word' id='word_1_260' title='bbox 1045 4944 1137 5006; x_wconf 82' lang='lat' dir='ltr'><strong>(corr.)</strong></span> <span class='ocrx_word' id='word_1_261' title='bbox 1151 4940 1188 4994; x_wconf 78' lang='lat' dir='ltr'><strong>nl</strong></span> <span class='ocrx_word' id='word_1_262' title='bbox 1230 4940 1263 4995; x_wconf 87' lang='grc'><strong>11</strong></span> <span class='ocrx_word' id='word_1_263' title='bbox 1278 4940 1406 5011; x_wconf 79' lang='lat' dir='ltr'><strong>paruulus</strong></span> 
     </span>
     <span class='ocr_line' id='line_1_33' title="bbox 295 5024 1406 5098; baseline 0 -15"><span class='ocrx_word' id='word_1_264' title='bbox 295 5025 363 5093; x_wconf 71' lang='lat' dir='ltr'><strong>tm.)</strong></span> <span class='ocrx_word' id='word_1_265' title='bbox 379 5024 406 5078; x_wconf 81' lang='grc' dir='ltr'><em>Ν</em></span> <span class='ocrx_word' id='word_1_266' title='bbox 461 5025 730 5097; x_wconf 67' lang='lat' dir='ltr'><strong>repercussione</strong></span> <span class='ocrx_word' id='word_1_267' title='bbox 783 5030 816 5082; x_wconf 77' lang='lat' dir='ltr'><strong>lb</strong></span> <span class='ocrx_word' id='word_1_268' title='bbox 831 5029 859 5082; x_wconf 91' lang='lat' dir='ltr'><strong>in</strong></span> <span class='ocrx_word' id='word_1_269' title='bbox 877 5027 974 5098; x_wconf 81' lang='lat' dir='ltr'><strong>montel</strong></span> <span class='ocrx_word' id='word_1_270' title='bbox 992 5029 1143 5083; x_wconf 79' lang='lat' dir='ltr'><strong>immoriens</strong></span> <span class='ocrx_word' id='word_1_271' title='bbox 1159 5027 1212 5082; x_wconf 81' lang='lat' dir='ltr'><strong>FB</strong></span> <span class='ocrx_word' id='word_1_272' title='bbox 1267 5028 1300 5082; x_wconf 82' lang='lat' dir='ltr'><strong>lo</strong></span> <span class='ocrx_word' id='word_1_273' title='bbox 1318 5028 1406 5083; x_wconf 82' lang='lat' dir='ltr'><strong>omnia</strong></span> 
     </span>
     <span class='ocr_line' id='line_1_34' title="bbox 296 5112 1407 5185; baseline 0.002 -18"><span class='ocrx_word' id='word_1_274' title='bbox 296 5112 366 5176; x_wconf 80' lang='lat' dir='ltr'><strong>(corr.)</strong></span> <span class='ocrx_word' id='word_1_275' title='bbox 383 5112 417 5167; x_wconf 75' lang='lat' dir='ltr'><strong>di</strong></span> <span class='ocrx_word' id='word_1_276' title='bbox 484 5114 520 5169; x_wconf 77' lang='lat'><strong>24</strong></span> <span class='ocrx_word' id='word_1_277' title='bbox 536 5114 578 5168; x_wconf 83' lang='lat' dir='ltr'><strong>ita</strong></span> <span class='ocrx_word' id='word_1_278' title='bbox 594 5114 685 5170; x_wconf 69' lang='lat' dir='ltr'><strong>onae</strong></span> <span class='ocrx_word' id='word_1_279' title='bbox 772 5115 840 5171; x_wconf 85' lang='lat' dir='ltr'><strong>iacit</strong></span> <span class='ocrx_word' id='word_1_280' title='bbox 858 5115 889 5169; x_wconf 75' lang='lat' dir='ltr'><em>X</em></span> <span class='ocrx_word' id='word_1_281' title='bbox 959 5115 994 5170; x_wconf 77' lang='grc'><strong>26</strong></span> <span class='ocrx_word' id='word_1_282' title='bbox 1012 5114 1103 5185; x_wconf 74' lang='lat' dir='ltr'><strong>corda]</strong></span> <span class='ocrx_word' id='word_1_283' title='bbox 1122 5132 1167 5171; x_wconf 88' lang='lat' dir='ltr'><strong>cor</strong></span> <span class='ocrx_word' id='word_1_284' title='bbox 1186 5122 1266 5182; x_wconf 74' lang='lat' dir='ltr'><strong>(con.</strong></span> <span class='ocrx_word' id='word_1_285' title='bbox 1285 5115 1352 5170; x_wconf 82' lang='lat' dir='ltr'><strong>cdd.</strong></span> <span class='ocrx_word' id='word_1_286' title='bbox 1370 5115 1407 5170; x_wconf 83' lang='lat' dir='ltr'><strong>da</strong></span> 
     </span>
     <span class='ocr_line' id='line_1_35' title="bbox 296 5194 1406 5272; baseline 0.003 -18"><span class='ocrx_word' id='word_1_287' title='bbox 296 5194 394 5262; x_wconf 63' lang='lat' dir='ltr'><strong>edidi</strong></span> <span class='ocrx_word' id='word_1_288' title='bbox 459 5200 586 5271; x_wconf 81' lang='lat' dir='ltr'><strong>cleophas</strong></span> <span class='ocrx_word' id='word_1_289' title='bbox 606 5201 712 5256; x_wconf 76' lang='lat' dir='ltr'><strong><em>GNAB</em></strong></span> <span class='ocrx_word' id='word_1_290' title='bbox 791 5220 885 5258; x_wconf 84' lang='lat' dir='ltr'><strong>emaus</strong></span> <span class='ocrx_word' id='word_1_291' title='bbox 904 5202 936 5258; x_wconf 86' lang='lat' dir='ltr'><em>N</em></span> <span class='ocrx_word' id='word_1_292' title='bbox 950 5219 1070 5258; x_wconf 83' lang='lat' dir='ltr'><strong>emmaus</strong></span> <span class='ocrx_word' id='word_1_293' title='bbox 1089 5204 1119 5258; x_wconf 82' lang='lat' dir='ltr'><em>X</em></span> <span class='ocrx_word' id='word_1_294' title='bbox 1198 5210 1295 5259; x_wconf 71' lang='lat' dir='ltr'><strong>cuum</strong></span> <span class='ocrx_word' id='word_1_295' title='bbox 1311 5207 1358 5272; x_wconf 82' lang='lat' dir='ltr'><strong>(eu</strong></span> <span class='ocrx_word' id='word_1_296' title='bbox 1375 5205 1406 5257; x_wconf 84' lang='lat' dir='ltr'><strong>ira</strong></span> 
     </span>
     <span class='ocr_line' id='line_1_36' title="bbox 299 5286 785 5357; baseline 0.019 -21"><span class='ocrx_word' id='word_1_297' title='bbox 299 5288 349 5348; x_wconf 85' lang='lat' dir='ltr'><strong>ror.)</strong></span> <span class='ocrx_word' id='word_1_298' title='bbox 365 5286 386 5339; x_wconf 69' lang='grc' dir='ltr'><strong>ι’</strong></span> <span class='ocrx_word' id='word_1_299' title='bbox 434 5287 467 5342; x_wconf 71' lang='lat'><strong>27</strong></span> <span class='ocrx_word' id='word_1_300' title='bbox 486 5286 557 5343; x_wconf 82' lang='lat' dir='ltr'><strong>dono</strong></span> <span class='ocrx_word' id='word_1_301' title='bbox 575 5290 657 5357; x_wconf 83' lang='lat' dir='ltr'><strong>(corr.</strong></span> <span class='ocrx_word' id='word_1_302' title='bbox 675 5293 731 5352; x_wconf 76' lang='lat' dir='ltr'><strong>re2)</strong></span> <span class='ocrx_word' id='word_1_303' title='bbox 750 5291 785 5345; x_wconf 75' lang='lat' dir='ltr'><strong>u</strong></span> 
     </span>
    </p>
   </div>
   <div class='ocr_carea' id='block_1_5' title="bbox 1337 5394 1370 5447">
    <p class='ocr_par' dir='ltr' id='par_1_9' title="bbox 1337 5394 1370 5447">
     <span class='ocr_line' id='line_1_37' title="bbox 1337 5394 1370 5447; baseline 0 -23"><span class='ocrx_word' id='word_1_304' title='bbox 1337 5394 1370 5447; x_wconf 66' lang='lat'><strong>9.</strong></span> 
     </span>
    </p>
   </div>
   <div class='ocr_carea' id='block_1_6' title="bbox 0 0 1647 6434">
    <p class='ocr_par' dir='ltr' id='par_1_10' title="bbox 0 0 1647 6434">
     <span class='ocr_line' id='line_1_38' title="bbox 0 0 1647 6434; baseline 0 0"><span class='ocrx_word' id='word_1_305' title='bbox 0 0 1647 6434; x_wconf 95' lang='lat' dir='ltr'><strong> </strong></span> 
     </span>
    </p>
   </div>
  </div>
 </body>
</html>
