3275 6434
899 647 2853 1084 -

1268 976 1492 988 u

477 1512 603 1575 100
1262 1507 1460 1562 Liber
1495 1509 1956 1577 quaestionum

474 1698 762 1766 firmatus
818 1701 1023 1766 fuerat
1075 1700 1264 1765 bomo
1322 1699 1613 1766 Christus
1671 1718 1810 1766 esse
1867 1700 2037 1768 filius
2092 1701 2212 1780 dei,
2273 1705 2391 1769 nisi
2449 1706 2748 1788 spiritum

475 1808 765 1870 sanctum
829 1806 1199 1889 accepisset,
1260 1805 1435 1869 iuxta
1506 1805 1825 1871 decretum
1906 1807 2416 1874 renascibilitatis
2489 1809 2749 1876 donum.

475 1929 620 1976 nam
667 1912 733 1976 et
776 1909 995 1976 Iudaei
1039 1909 1154 1975 filii
1200 1909 1300 1975 dei
1346 1909 1500 1975 dicti
1548 1915 1697 1976 sunt
1741 1911 1804 1976 in
1859 1910 2212 1979 deuotione.
2259 1931 2380 1979 non
2427 1915 2489 1979 in
2546 1932 2751 1981 saera·

477 2019 690 2082 mento
736 2016 906 2100 quod
951 2034 1118 2083 nunc
1164 2020 1478 2099 operatur,
1525 2021 1602 2082 ut
1646 2021 1902 2100 accepta
1940 2018 2308 2084 remissione
2345 2023 2749 2104 peccatorum

480 2122 962 2204 superueniente
1025 2125 1244 2188 sancto
1304 2122 1534 2205 spiritu
1590 2121 1878 2188 dicantur
1934 2123 2048 2188 filii
2092 2123 2211 2189 dei.
2266 2124 2549 2191 saluator-
2600 2145 2750 2211 ergo
2811 2147 2835 2190 ι

481 2230 548 2293 et
591 2230 776 2293 natus
824 2230 924 2294 est
969 2227 1314 2294 secundum
1363 2246 1613 2293 carnem
1658 2227 1830 2294 filius
1891 2229 1990 2296 dei
2046 2234 2112 2296 et
2153 2235 2301 2314 post
2342 2231 2404 2296 in
2452 2233 2753 2316 mysterio

481 2330 789 2399 firmatus.
833 2351 949 2399 nec
994 2333 1156 2399 enim
1207 2337 1452 2414 poterat
1487 2333 1661 2417 quod
1696 2332 1773 2397 de
1809 2340 2029 2400 sancto
2065 2339 2356 2402 sanct-um
2392 2341 2612 2402 natum
2656 2347 2753 2404 est

484 2456 606 2504 non
654 2438 769 2505 deo
815 2439 1010 2517 nasci,
1056 2438 1168 2504 sed
1213 2442 1288 2502 ut
1329 2440 1723 2523 propositum
1773 2441 2058 2523 mysterii
2100 2440 2489 2525 impleretur,
2542 2460 2759 2526 super·

485 2543 776 2609 ueniente
822 2543 1051 2626 spiritu
1097 2562 1220 2609 non
1267 2543 1663 2609 deminutum
1711 2547 1831 2624 est,
1879 2544 1991 2611 sed
2038 2552 2317 2612 auctum.

559 2820 683 2883 LV.
731 2819 936 2900 QUID
986 2817 1308 2885 CAUSAE
1353 2816 1551 2884 FUIT
1601 2817 1710 2883 UT
1760 2817 1946 2883 lLLO
1994 2817 2388 2884 TEMPORE
2436 2819 2691 2888 GRUCI
2801 2842 2852 2884 ιο

490 2925 588 2993 SE
625 2923 1210 2991 ΡΕΒΜΙΤΤΕΒΕΤ
1241 2922 1650 3002 DOMINUS,
1689 2923 1861 3005 Qu»
1892 2923 2223 2991 OCTAUO
2266 2927 2374 2990 m.-
2410 2926 2761 2994 APRILES

1046 3027 1375 3095 PASCHA
1419 3027 1817 3095 EGERUNT
1866 3029 2198 3096 IUDAEI?

583 3173 810 3238 Omnia
852 3172 1120 3256 propriis
1164 3171 1324 3237 locis
1371 3175 1437 3236 et
1478 3171 1871 3254 temporibus
1910 3173 2113 3255 gessit
2157 3173 2452 3238 saluator.
2493 3188 2564 3238 ut
2599 3175 2767 3239 enim

495 3279 699 3346 omnia
764 3296 834 3343 se
898 3281 1057 3342 nutu
1119 3276 1317 3360 patris
1380 3280 1552 3342 recte
1612 3276 1972 3343 condidisse
2028 3276 2298 3354 doceret,
2355 3285 2504 3343 tuuc
2561 3278 2772 3345 uoluit

493 3384 784 3469 passione
831 3401 950 3449 sua
993 3382 1298 3448 mundum
1347 3381 1653 3448 redimere
1701 3385 1767 3446 et
1811 3381 2167 3458 reformare,
2214 3382 2462 3465 quando
2511 3402 2660 3449 eum
2708 3393 2773 3449 et
2817 3405 2853 3446 ιτ.

497 3494 838 3565 creauerat,
894 3488 959 3552 id
1007 3493 1107 3554 est
1148 3487 1212 3552 in
1260 3488 1686 3570 aequinoctio,
1740 3486 1907 3552 unde
1966 3487 2238 3553 mundus
2284 3487 2537 3552 initium
2599 3489 2772 3572 cepit

498 3603 563 3663 et
598 3595 733 3662 dies
771 3614 962 3678 super
995 3597 1244 3660 noctem
1282 3593 1647 3659 increscere.
1686 3593 1749 3656 in
1788 3611 1980 3678 regno
2018 3593 2230 3676 itaque
2265 3612 2456 3680 agens
2485 3593 2772 3659 Romano

499 3722 618 3769 non
667 3702 788 3767 nisi
838 3705 1062 3766 octauo
1095 3684 1186 3765 Ῑζῖ
1232 3699 1484 3782 Apriles
1531 3699 1665 3783 pati
1712 3698 1952 3778 debuit,
2009 3698 2254 3781 quando
2299 3700 2771 3782 aequinoctium

500 3808 735 3874 habent
776 3806 1062 3872 Romani.
1108 3810 1261 3871 tunc
1319 3805 1481 3870 enim
1538 3804 1759 3887 utique
1816 3804 2090 3887 primum
2146 3805 2298 3869 haec
2352 3824 2498 3889 pars
2555 3805 2777 3871 mundi

499 3915 876 3980 inluminata
947 3917 1048 3979 est
1120 3917 1184 3978 et
1258 3932 1330 3976 ex
1403 3928 1475 3977 eo
1542 3910 1677 3976 dies
1751 3910 1959 3993 coepit
2029 3916 2413 3976 crementum
2490 3911 2775 3997 accipere
2810 3937 2853 3976 a

502 4021 769 4102 ideoque
842 4023 908 4084 et
977 4018 1270 4101 passione
1345 4016 1684 4083 saluatoris
1755 4019 1907 4081 tuuc
1981 4035 2016 4080 a
2085 4015 2362 4082 tenebris
2424 4016 2502 4081 ad
2567 4018 2773 4083 lucem

504 4125 826 4210 perducta.
909 4124 1085 4189 nulla
1153 4124 1369 4207 itaque
1444 4123 1826 4205 uituperatio
1901 4122 2176 4188 auctoris
2247 4123 2480 4204 poterit
2551 4124 2777 4201 uideri,

506 4230 753 4315 quando
800 4229 1042 4314 lapsam
1090 4234 1437 4294 creaturam
1485 4231 1637 4293 tunc
1681 4227 2068 4299 reformauit.
2117 4227 2363 4309 quando
2411 4231 2477 4292 et
2521 4227 2776 4294 fecerat.

507 4358 621 4402 nec
667 4338 830 4400 enim
879 4334 1243 4418 reprehendi
1294 4334 1526 4417 poterit
1560 4334 1648 4397 rei
1685 4331 1899 4415 lapsae
1937 4333 2186 4397 initium
2226 4334 2583 4411 creationis,
2631 4352 2774 4401 cum

509 4443 586 4506 ad
632 4442 697 4505 id
744 4440 958 4505 redeat
1001 4439 1393 4504 instauratio.
1443 4438 1662 4502 eadem
1710 4439 1873 4502 enim
1925 4437 2026 4502 die
2074 4437 2279 4503 uoluit
2324 4457 2464 4504 esse
2519 4458 2775 4507 reneua·
2815 4467 2853 4506 2³

509 4547 699 4612 tionis
746 4546 1069 4630 gaudium,
1108 4564 1229 4627 quo
1279 4543 1480 4608 fuerat
1526 4548 1590 4607 et
1634 4542 2065 4608 dedicationis.

336 4840 446 4905 des.
467 4838 516 4890 1·
585 4840 617 4890 3
656 4838 790 4893 dixti
827 4842 1011 4907 mort.)
1052 4837 1098 4890 0
1175 4842 1207 4892 5
1244 4838 1441 4905 spiritu
1477 4841 1667 4890 sancto
1706 4837 1766 4890 X
1843 4843 1877 4891 6
1916 4849 1969 4890 et
1997 4854 2085 4904 pr.
2123 4853 2226 4890 ωιι.
2263 4835 2390 4890 ΜΕ
2455 4835 2488 4888 ’1
2526 4846 2689 4889 nam
2729 4833 2790 4887 N

515 4934 548 4979 δ
575 4927 831 4980 οιιιίοῒοτὶί
868 4925 929 4980 Ν
1033 4932 1066 4980 υ
1104 4925 1426 4980 diminutum
1465 4925 1585 4979 Nx
1698 4927 1763 4980 10
1798 4943 1962 4981 causa
1998 4927 2047 4980 0
2149 4928 2350 4980 crucia*
2391 4927 2438 4975 (⁹
2548 4926 2605 4978 ll
2638 4923 2783 4994 quod

521 5015 627 5069 GA
734 5013 869 5069 vm
903 5012 1025 5068 Nx
1128 5014 1316 5084 aprilis
1354 5013 1471 5067 Nx
1575 5016 1637 5068 13
1674 5015 1828 5068 loeus
1862 5017 2044 5080 (corr.)
2084 5015 2132 5065 (t
2227 5014 2294 5067 15
2330 5011 2605 5066 redemere
2646 5009 2785 5079 GN

515 5115 661 5167 (corr
712 5119 781 5156 n.
815 5103 958 5168 rea),
993 5101 1140 5162 ΕΒ
1174 5105 1356 5168 (corr.)
1545 5102 1610 5154 16
1650 5103 1830 5171 caepit
1867 5105 1916 5155 G
1948 5101 2127 5169 coepit
2163 5100 2281 5155 NA·
2486 5097 2552 5153 18
2588 5102 2783 5153 oet-u·

516 5207 735 5245 romano
777 5190 826 5242 U
857 5189 988 5244 vlu
1027 5189 1146 5243 Nx
1322 5189 1506 5259 aprilis
1546 5189 1652 5242 FB
1696 5189 1897 5258 aprelis
1935 5191 1981 5241 A
2173 5189 2233 5240 m
2271 5187 2458 5255 utique
2492 5187 2638 5242 euim
2677 5185 2784 5241 ΟΔ

520 5295 642 5349 pras
676 5277 750 5332 M
875 5279 947 5332 20
982 5277 1161 5347 caepit
1202 5276 1251 5330 0
1376 5277 1446 5330 22
1483 5275 1882 5345 uituperatione
1925 5278 1981 5330 X
2103 5276 2172 5329 ’26
2210 5292 2283 5328 ωε
2323 5273 2601 5343 leyeudvm
2641 5270 2785 5341 qua?

519 5365 842 5420 dedictionis
883 5366 931 5417 C
