3275 6434
430 653 2395 1082 a

1306 1430 1455 1504 cap.
1491 1431 1960 1489 mxu-1011
1997 1433 2045 1488 1.
2692 1435 2820 1501 477

544 1645 799 1710 semper
842 1625 1308 1700 contradicitur,
1356 1626 1543 1691 testis
1590 1626 1800 1692 uirtus
1846 1626 2054 1709 posita
2099 1630 2218 1701 est,
2267 1625 2370 1691 cui
2424 1643 2570 1692 cum
2627 1625 2824 1691 uerba

544 1731 802 1809 cedunt,
847 1731 1151 1796 rationem
1198 1747 1340 1796 esse
1384 1730 1448 1796 in
1503 1730 1626 1796 fide
1681 1729 2019 1815 significat,
2074 1748 2234 1814 quae
2288 1729 2502 1795 uerbis
2559 1729 2821 1814 exprimi

542 1855 668 1904 non
717 1839 949 1920 potest.
996 1836 1161 1901 inter
1204 1834 1423 1901 fideles
1468 1835 1667 1920 igitur
1708 1854 1829 1901 non
1866 1835 1992 1899 iam
2031 1835 2212 1920 signa
2248 1838 2316 1901 et
2350 1833 2638 1919 prodigia
2674 1838 2824 1902 sunt

545 1941 924 2019 necessaria,
969 1939 1082 2007 sed
1128 1958 1276 2024 spes
1323 1940 1516 2006 firma.
1563 1944 1898 2026 postquam
1946 1941 2109 2005 enim
2159 1940 2426 2006 discitur
2476 1958 2626 2006 uera
2680 1957 2821 2007 esse

464 2064 502 2109 e
545 2066 712 2130 quae
758 2046 1072 2130 promissa
1117 2050 1287 2124 sunt,
1332 2045 1411 2110 ad
1458 2046 1578 2112 boc
1613 2065 1684 2112 se
1721 2050 1927 2111 umet
1961 2046 2230 2122 animus,
2270 2048 2344 2110 ut
2377 2045 2610 2129 spretis
2648 2063 2820 2129 prae·

545 2152 836 2217 sentibus
898 2151 1135 2217 futuris
1209 2151 1441 2235 dignus
1506 2151 1737 2217 existat
1790 2151 2086 2216 meritum
2142 2151 2268 2216 sibi
2321 2141 2655 2217 conlocans
2710 2169 2823 2235 per

543 2257 826 2323 laborem
873 2257 993 2322 hoc
1040 2255 1376 2323 Salomone
1423 2256 1720 2335 testante,
1767 2257 1876 2338 qui
1922 2256 2038 2322 ait:
2098 2256 2243 2332 fili,
2308 2255 2676 2322 accedens
2734 2256 2817 2322 ad

545 2364 1005 2428 seruitutem
1054 2361 1175 2427 dei
1222 2365 1341 2427 sta
1385 2361 1457 2426 in
1512 2361 1830 2428 iustitia
1884 2368 1957 2427 et
2010 2362 2277 2427 timore
2334 2365 2407 2427 et
2458 2379 2820 2444 praepara

543 2469 858 2533 animam
904 2472 1110 2535 tuam
1158 2467 1246 2533 ad
1290 2467 1894 2552 temptationem.
1942 2468 2240 2550 quoniam
2292 2466 2817 2551 temptationibus

438 2595 506 2640 ro
544 2571 798 2658 proiicit
859 2573 1072 2649 homo,
1138 2572 1291 2639 baec
1346 2572 1494 2638 data
1549 2575 1702 2638 sunt
1753 2573 2009 2638 monita.
2063 2572 2228 2637 unde
2281 2573 2635 2657 apostolus:
2692 2590 2819 2655 per

543 2678 1117 2756 tribulationes,
1146 2679 1373 2761 inquit,
1404 2681 1705 2761 oportet
1739 2696 1872 2743 nos
1909 2678 2192 2744 intrare
2229 2678 2300 2742 in
2338 2696 2642 2763 regnum
2677 2676 2814 2743 dei.

542 2784 661 2848 hae
715 2783 1196 2850 tribulationum
1259 2783 1708 2868 temptationes
1772 2782 2042 2849 diuersis
2107 2782 2313 2848 modis
2366 2781 2681 2857 accidunt,
2739 2787 2814 2847 ut

540 2908 952 2973 perseuerans
999 2889 1249 2954 animus
1296 2889 1360 2953 in
1406 2894 1668 2973 accepta
1701 2888 1823 2953 fide
1859 2887 2068 2972 possit
2103 2888 2404 2954 coronari.
2444 2905 2565 2953 non
2602 2888 2814 2953 solum

539 2995 799 3060 enimin
839 2994 960 3060 fids
995 2999 1342 3077 temptatur
1379 2994 1588 3070 bomo,
1627 2994 1742 3059 sed
1778 2999 1841 3059 et
1876 2994 1940 3058 in
1976 2994 2366 3079 aegritudine
2394 2996 2461 3059 et
2483 2993 2547 3058 in
2588 2992 2813 3058 damno

442 3115 502 3160 ιο
541 3107 607 3166 et
652 3101 714 3165 in
760 3100 1197 3183 persecutione
1243 3104 1310 3167 st
1351 3101 1415 3165 in
1463 3104 1666 3166 morte
1712 3117 2019 3177 carorum,
2067 3103 2161 3177 ut,
2205 3099 2263 3165 si
2308 3100 2371 3164 in
2418 3099 2518 3164 his
2573 3099 2812 3181 passio·

540 3207 729 3272 nibus
793 3206 873 3271 ad
935 3207 1239 3272 auxilium
1305 3206 1775 3272 daemoniorum
1841 3224 1961 3272 non
2025 3207 2218 3271 fuerit
2278 3205 2612 3284 abductus,
2676 3205 2811 3271 sins

538 3312 866 3397 sanguinis
912 3313 1116 3396 pretio
1162 3315 1479 3378 mercetur
1521 3312 1917 3396 martyrium.
1953 3329 2074 3377 non
2113 3329 2261 3396 ergo
2296 3310 2376 3376 ad
2411 3309 2809 3394 dispendium

536 3416 891 3500 Epafroditi
934 3436 1055 3483 non
1092 3417 1460 3500 impetrauit
1493 3417 1824 3501 apostolus
1861 3416 2026 3500 quod
2063 3417 2270 3498 petiit,
2307 3415 2419 3481 sed
2455 3414 2534 3480 ad
2571 3415 2811 3499 prosec-

534 3528 699 3601 tum‚
747 3524 896 3606 quia
938 3529 1006 3589 et
1048 3524 1110 3588 in
1149 3542 1268 3589 sua
1304 3540 1517 3599 causa,
1556 3542 1702 3588 cum
1740 3523 2153 3604 postulasset,
2193 3521 2471 3588 audiuit:
2507 3521 2812 3587 sufficit

435 3644 499 3687 a»
535 3628 683 3693 tibi
732 3628 977 3712 gratia
1022 3647 1204 3703 mea;
1257 3646 1419 3692 nam
1467 3629 1718 3693 uirtus
1764 3627 1833 3693 in
1881 3627 2340 3693 infirmitate
2377 3627 2803 3709 perficitur.

861 3750 1225 3817 Lxxxnn
1272 3777 1358 3808 =
1405 3750 1577 3818 XCV

932 3857 1220 3923 LXXXV
1264 3883 1351 3915 =
1399 3857 1603 3922 LXXI

903 3962 1225 4028 LXXXVI
1271 3990 1357 4020 =
1404 3961 1763 4028 LXXXIHI

869 4066 1222 4134 LXXXVII
1268 4095 1354 4125 =
1401 4066 1821 4133 Lxxxvlm

430 4188 493 4232 aa
834 4173 1218 4239 Lxxxvlu
1267 4200 1353 4230 =
1400 4173 1509 4240 XC
1558 4203 1608 4290 x

616 4278 1058 4346 LXXXVIIII.
1106 4279 1215 4346 XC
1264 4305 1350 4337 =
1397 4278 1595 4346 XCII.
1645 4279 1852 4346 XCIII

1079 4385 1221 4452 XCI
1267 4411 1353 4442 =
1401 4385 1605 4452 XCVI

1042 4562 1237 4629 XCII.
1284 4563 1394 4629 DE
1443 4562 2020 4630 AETERXITATE
2066 4562 2285 4629 FILII.

622 4690 681 4753 1.
708 4685 1017 4766 Quoniam
1047 4690 1198 4752 sunt
1223 4687 1501 4769 quidam,
1544 4686 1653 4770 qui
1693 4686 1965 4752 nondum
2006 4686 2208 4752 adhuc
2246 4686 2539 4752 discussa
2575 4684 2800 4750 erroris

435 4818 490 4862 ao
527 4792 797 4876 caligine
836 4810 948 4856 nec
983 4796 1251 4876 purgata
1288 4792 1394 4856 uel
1432 4791 1680 4856 detersa
1716 4797 2086 4858 neternosae
2125 4792 2296 4856 uitae
2342 4789 2508 4856 carie
2554 4793 2797 4854 terreno

706 4933 738 4987 7
773 4930 940 4986 Eecli.
977 4932 1029 4995 2,
1071 4932 1095 4986 l
1214 4932 1278 4986 10
1315 4933 1434 4986 Act.
1477 4932 1559 4999 14,
1593 4932 1664 4985 22
1775 4933 1842 4986 19
1881 4931 1935 4986 11
1972 4929 2092 4986 Cor.
2132 4932 2216 4998 12,
2251 4933 2285 4986 9

600 5039 627 5091 1
670 5036 1005 5090 contrabitur
1040 5054 1076 5089 a
1172 5038 1207 5091 3
1244 5037 1351 5090 iam
1386 5052 1489 5092 om.
1516 5053 1553 5090 a
1651 5036 1687 5091 4
1724 5036 1971 5106 discitur]
2011 5035 2211 5092 dieitur
2242 5041 2403 5104 (corr.
2441 5033 2716 5100 docentia)
2742 5031 2800 5085 K

525 5125 559 5178 9
596 5125 1029 5193 temptationem,
1066 5124 1320 5193 quoniam
1358 5124 1422 5177 K
1545 5123 1613 5178 10
1647 5123 1826 5179 bomo.
1865 5123 2011 5179 Haec
2048 5123 2110 5177 Κ
2276 5124 2392 5194 per]
2433 5121 2564 5176 add.
2600 5120 2800 5175 multas

523 5227 568 5267 a.
608 5211 644 5263 1.
684 5210 750 5264 K
907 5211 973 5266 18
1010 5213 1406 5282 perseuerantia
1443 5229 1482 5266 a
1646 5214 1711 5267 16
1748 5210 2013 5267 adductus
2049 5211 2145 5266 Ka
2307 5211 2380 5267 20
2414 5209 2558 5280 nam]
2597 5224 2726 5263 uera
2759 5223 2796 5260 a

525 5299 598 5353 30
635 5298 777 5352 caric·
814 5298 872 5351 D
