3275 6434
689 1340 764 1413 (lap.
782 1339 854 1435 OXll
870 1341 986 1401 til-ur.
1337 1345 1403 1410 329

262 1537 335 1601 sola
351 1554 481 1619 oorpora
498 1537 643 1622 obligant
660 1535 911 1615 infirmitatibus,
931 1537 1016 1603 siout
1033 1540 1067 1602 et
1083 1537 1171 1602 illam
1190 1535 1287 1602 filiam
1306 1537 1404 1602 Abra·

263 1640 335 1720 bae,
358 1659 453 1724 quam
475 1641 623 1708 dominus
645 1640 781 1708 curauit.

309 1747 363 1810 34.
384 1745 472 1812 Haeo
503 1746 610 1812 omnia
639 1745 821 1831 ignorantes
852 1745 968 1831 pagani
995 1747 1096 1811 iatum
1131 1745 1300 1831 appellant,
1331 1764 1404 1811 oum

264 1850 412 1917 diuersae
434 1850 500 1917 sint
521 1868 636 1917 oauase
659 1854 692 1916 et
713 1851 778 1916 ista
799 1850 839 1915 ab
861 1850 999 1916 inimicis
1022 1856 1239 1935 procurentur,
1267 1854 1305 1917 ιιι
1331 1870 1405 1934 qun·

231 1974 404 2040 eoumque
426 1975 463 2023 ax
486 1974 582 2022 eausa
609 1955 756 2021 inretitus
783 1955 878 2022 bomo
906 1955 1083 2023 subiciatur
1109 1955 1321 2039 passionibus.
1349 1958 1406 2023 sed

264 2063 367 2127 iatum
388 2061 507 2128 bonum
525 2061 694 2146 appellant,
715 2079 788 2126 eum
808 2059 887 2125 bene
905 2065 1080 2145 temperata
1098 2065 1175 2128 snnt
1198 2079 1328 2144 corpora
1350 2069 1407 2127 aut

264 2166 453 2233 affabilitate
474 2165 734 2233 commendantur
764 2165 912 2231 babentia
935 2167 1068 2251 gruttam
1092 2165 1261 2249 quandam3
1285 2168 1405 2233 malum

266 2277 375 2337 auum
396 2271 498 2337 latum
521 2290 604 2352 esse,
627 2272 655 2338 si
677 2272 751 2355 plus
775 2271 890 2338 oalorir
919 2272 1035 2337 babeat
1061 2276 1118 2337 aut
1144 2272 1275 2349 umoris,
1299 2271 1407 2339 autri

267 2396 328 2444 non
348 2378 393 2442 eit
409 2395 558 2461 mpsrsus
577 2379 689 2463 gratis,
709 2377 765 2443 sod
784 2377 886 2463 magis
905 2377 944 2443 ad
963 2377 1150 2445 detrimenta
1168 2381 1307 2463 paratus,
1326 2396 1407 2462 quos

222 2503 251 2548 ao
268 2483 479 2549 infortunatos
502 2487 627 2549 nonant.

313 2590 366 2654 35.
388 2588 450 2654 llao
473 2607 550 2654 uera
571 2608 652 2657 esse.
675 2588 822 2655 uidemus
841 2588 924 2655 enim
942 2588 1020 2653 baeo
1040 2588 1134 2654 etiam
1155 2588 1406 2667 inanimalibus,

269 2694 407 2778 utplus
435 2694 571 2760 babeant
597 2695 725 2774 saloris3
754 2694 810 2762 red
845 2693 993 2760 animalia
1019 2713 1080 2759 non
1108 2699 1183 2759 aunt
1209 2692 1408 2760 rationabilia

269 2801 357 2866 siout
377 2799 483 2878 bomo,
507 2804 545 2864 nt
566 2801 691 2883 possint
713 2799 856 2865 adbibita
878 2818 953 2865 eura
976 2818 1092 2883 eorpus
1110 2818 1204 2865 sunm
1222 2802 1407 2882 temperare.

269 2905 341 2971 ideo
370 2905 455 2970 anim
481 2904 653 2987 imperator
679 2907 730 2971 est
756 2906 896 2988 eorporis
928 2904 1063 2982 animus,
1091 2908 1129 2970 ut
1155 2903 1310 2990 gubamet
1337 2922 1411 2969 eum

226 3031 254 3074 as
270 3008 454 3075 retinaculis
483 3008 566 3093 legis
594 3009 730 3076 diuinae.
758 3029 796 3075 ea
824 3011 918 3088 enim,
946 3028 1027 3093 quae
1054 3010 1125 3075 siue
1152 3009 1281 3094 inpulsu
1308 3009 1411 3075 earnis

269 3115 342 3181 siue
374 3115 413 3180 ab
445 3115 573 3180 inimico
605 3120 831 3201 suggeruntur,
864 3135 925 3181 non
958 3134 1029 3181 esse
1061 3114 1154 3180 utilia
1184 3114 1234 3180 lex
1270 3114 1411 3181 ostendit

270 3220 389 3298 diuina,
407 3238 502 3302 quam
520 3212 591 3287 ideo
610 3220 767 3286 adiutorio
786 3220 873 3286 dedit
893 3221 982 3299 deus,
1001 3226 1037 3286 ut
1056 3221 1228 3286 distantem
1245 3221 1410 3287 inimicum

269 3326 356 3391 mala
393 3326 484 3409 quasi
524 3325 606 3391 bona
640 3325 847 3408 respicientes
878 3326 960 3410 legis
990 3331 1157 3409 praesepta
1188 3325 1411 3410 intellegamus

268 3431 363 3496 illum
386 3449 457 3496 ease
480 3431 690 3512 seductorem,
714 3430 789 3515 quia
810 3431 898 3497 aliud
921 3432 1035 3497 suadet
1056 3450 1151 3514 quam
1175 3432 1268 3498 docet
1287 3430 1348 3498 lex.

222 3553 252 3597 so
316 3536 368 3600 86.
392 3534 445 3602 Sio
472 3554 547 3622 ergo
574 3536 715 3602 frenatur
741 3554 868 3620 oorpns,
896 3540 942 3613 ut
976 3537 1052 3620 quis
1081 3536 1193 3615 feruet,
1226 3537 1332 3602 minus
1363 3536 1410 3602 illi

270 3640 365 3707 detur
393 3648 426 3706 et
452 3659 471 3706 a
498 3641 621 3708 delioiis
648 3643 831 3709 retinmtnr.
865 3643 951 3707 siout
977 3642 1059 3707 enim
1088 3660 1203 3725 eorpus
1228 3640 1410 3707 febricitans

270 3747 299 3812 si
323 3746 459 3830 accipiat
479 3765 584 3812 eseam
607 3750 664 3812 aut
685 3752 807 3829 potum,
831 3747 981 3813 inoresoit
1002 3747 1050 3811 illi
1074 3747 1168 3825 oalor,
1191 3747 1239 3812 ita
1260 3750 1294 3811 et
1314 3746 1411 3813 buius

270 3851 358 3916 modi
385 3869 524 3935 corpora,
553 3871 633 3936 quae
660 3852 825 3938 sanguinis
856 3852 980 3917 feruore
1012 3855 1155 3925 uruntur,
1188 3850 1411 3918 uehementius

269 3957 483 4031 enrdesoent,
496 3957 558 4023 nisi
576 3957 692 4023 fuerint
710 3958 894 4043 gubernata
914 3956 981 4042 igni
999 3958 1083 4022 enim
1098 3958 1200 4024 sinon
1220 3957 1275 4022 des
1294 3974 1411 4034 eseam,

221 4074 253 4122 ι
271 4063 406 4146 sopitur.

316 4167 368 4233 87.
392 4166 498 4232 Animi
521 4172 571 4233 est
597 4167 711 4233 dueere
739 4185 869 4250 coroner
897 4168 927 4233 si
956 4171 1063 4233 autem
1086 4165 1243 4233 dimiserit
1265 4185 1350 4245 enm,
1374 4169 1412 4231 ut

363 4374 375 4427 1
397 4371 432 4427 tl.
450 4371 516 4429 Iano.
535 4373 578 4442 18,
597 4374 632 4429 lo

311 4497 322 4549 l
344 4493 543 4551 infirmantibus
561 4495 590 4549 X
641 4499 658 4551 5
677 4497 805 4551 inritatur
824 4495 849 4550 0
866 4496 986 4550 innititur
998 4494 1031 4548 A·
1043 4495 1172 4549 irritetur
1186 4493 1216 4548 Ν
1265 4496 1408 4564 dumon-

271 4593 332 4637 rata
350 4581 417 4636 ΜΝ
501 4569 674 4637 stabilitate
691 4581 720 4636 P
811 4581 1013 4637 commendatur
1031 4581 1065 4637 N
1152 4580 1309 4636 babentiam
1330 4581 1412 4636 CXX

270 4671 375 4726 malam
392 4669 430 4725 Μ
480 4670 618 4725 8iaotnm
640 4669 674 4739 θ,
692 4673 784 4741 (eurr.)
801 4673 829 4726 Δ
889 4671 923 4725 12
942 4669 1044 4725 calores
1063 4669 1099 4724 Μ
1115 4669 1213 4725 coloris
1234 4669 1258 4725 0
1311 4671 1343 4724 13
1363 4667 1410 4722 ad·

272 4759 333 4814 bita
350 4763 431 4824 (sorr.
449 4761 508 4827 sall)
525 4756 559 4812 N
626 4762 778 4829 temporare
795 4757 833 4813 l(
894 4760 928 4813 14
945 4759 1111 4828 gubernaret
1127 4758 1155 4812 P
1171 4758 1306 4828 gubernet
1322 4760 1411 4825 (eruet

271 4846 496 4914 audiamit'
608 4844 678 4902 illud
696 4847 724 4900 P
746 4863 807 4901 eum
828 4846 1039 4902 Casurae.
1148 4846 1181 4900 15
1201 4845 1282 4917 enim]
1301 4845 1357 4900 nim
1375 4843 1411 4899 1

274 4936 307 4991 17
326 4935 393 4990 dena
411 4935 487 4990 dedit
504 4935 533 4990 P
567 4935 601 4990 lu
618 4934 703 5005 allud]
721 4934 836 4991 illudG
887 4952 968 5005 qnam
986 4933 1077 5004 donat]
1097 4933 1271 4990 conderetc
1304 4935 1341 4989 20
1357 4935 1408 5004 sio]

271 5023 296 5078 ai
313 5022 387 5090 P,0
403 5029 501 5087 (eom),
520 5024 546 5077 Β
617 5023 715 5095 lanai]
734 5026 767 5078 aba
783 5041 840 5080 rna.
861 5024 992 5080 anrnet
1011 5022 1046 5091 θ,
1064 5027 1144 5091 (oon.
1162 5023 1255 5083 serait.
1273 5029 1300 5078 ot
1312 5029 1411 5092 pratea

270 5112 385 5178 seruiat]
405 5112 431 5164 Δ
471 5111 504 5164 tl
524 5111 693 5166 trebrititana
710 5111 748 5167 Μ
785 5112 821 5167 ιι
839 5111 873 5182 ai]
892 5112 931 5167 rie
948 5110 986 5166 11
1026 5109 1063 5166 88
1079 5113 1195 5166 nuntar
1214 5108 1267 5165 (lx
1309 5111 1344 5165 26
1363 5108 1411 5165 de·

271 5199 379 5255 miserit
396 5197 429 5252 N
496 5200 568 5270 oum]
587 5198 655 5255 illud
673 5200 702 5255 P
