3275 6434
323 993 388 1057 856
713 986 811 1042 Liber
834 990 1065 1058 questionum

322 1182 489 1250 dioaretur.
506 1200 568 1249 uon
586 1181 670 1251 onim
688 1200 784 1249 ouum
801 1186 870 1249 erat
886 1182 971 1269 quod
989 1183 1065 1250 talio
1083 1183 1257 1266 exstiterat,
1272 1182 1351 1268 qnia
1364 1201 1466 1249 axem·

321 1288 412 1373 plum
438 1289 569 1355 oaoutua
594 1286 700 1356 iuerat
725 1287 874 1354 alionum.
902 1290 1032 1355 eanotua
1058 1291 1167 1355 autam
1188 1288 1258 1368 lob,
1286 1306 1362 1354 oum
1386 1288 1464 1354 nilril

321 1393 387 1461 tale
403 1392 542 1461 nidiaaat
560 1411 663 1477 nequa
680 1393 899 1461 uoluminibus
916 1393 1104 1474 leotitaaoet,
1121 1394 1219 1461 talem
1237 1412 1273 1461 ee
1291 1393 1465 1478 praeatitit,

321 1502 361 1566 ut
389 1499 510 1566 nulline
542 1498 664 1586 aliquid
688 1499 721 1565 in
748 1518 784 1566 aa
811 1499 971 1566 conlatum
999 1500 1138 1579 labaret,
1166 1498 1225 1566 aad
1250 1499 1322 1584 ipae
1350 1499 1466 1565 oetaria

323 1605 478 1672 oonierret
499 1603 633 1672 termam
654 1603 807 1689 praebeor
829 1604 1022 1671 mirabilium
1047 1610 1209 1692 gaatomm
1232 1603 1272 1670 ad
1299 1603 1462 1670 dominun

322 1709 573 1796 promerendum.
597 1729 693 1794 quara
711 1713 745 1776 at
763 1710 881 1777 domini
899 1711 1082 1778 testimonio
1102 1710 1343 1778 oommendalur
1361 1709 1463 1774 dioen-

321 1823 379 1884 ue:
405 1815 741 1883 animaduertisti
764 1815 811 1882 ad
834 1834 999 1901 puerum
1027 1835 1154 1883 meum
1177 1815 1271 1883 lob?
1298 1833 1374 1882 non
1403 1819 1464 1881 eat

323 1921 427 1988 euim
441 1921 595 1988 similia
610 1921 877 2006 aiquiaquam
891 1922 929 1988 in
943 1923 1069 1988 terrio
1088 1941 1211 1990 uerno
1230 1921 1296 1988 dei
1313 1921 1461 1987 oultor.

367 2030 397 2094 5.
421 2026 482 2108 Qui
506 2030 629 2093 tantum
652 2028 756 2111 potuit
777 2029 901 2107 mereri,
921 2028 973 2095 oni
991 2027 1055 2094 tale
1074 2028 1294 2095 testimoninm
1314 2026 1462 2092 dominna

322 2133 476 2219 perhibet,
507 2131 570 2200 niai
600 2134 685 2214 huie,
717 2134 773 2218 qni
803 2152 864 2200 non
894 2133 1038 2201 imitator
1067 2134 1239 2212 inuenitur,
1266 2132 1325 2199 aad
1352 2134 1461 2199 auotor
1476 2150 1504 2195 ιι

323 2258 431 2306 eornm
454 2258 535 2323 quaa
557 2239 680 2326 garait?
703 2239 785 2307 unde
809 2242 842 2306 et
863 2259 958 2306 uerna
982 2239 1034 2305 dei
1057 2239 1161 2306 onltor
1182 2239 1349 2306 adseritur.
1377 2238 1462 2304 nulla

323 2338 405 2412 euim
428 2348 536 2431 potant
557 2344 719 2414 simulatio
742 2346 982 2413 oommeutioiae
1000 2346 1151 2412 -ueritatia
1167 2345 1200 2410 in
1220 2364 1257 2412 ao
1275 2344 1390 2423 uideri,
1410 2345 1461 2429 qui

323 2455 396 2518 ante
426 2469 461 2518 ee
491 2471 553 2519 non
580 2450 677 2518 habat
702 2452 809 2520 talam.
839 2452 940 2519 omnia
968 2453 1050 2519 euim
1078 2452 1132 2536 qui
1159 2451 1263 2538 fingit,
1286 2451 1349 2518 hoo
1371 2449 1463 2537 dogit

322 2557 407 2644 qnod
430 2557 570 2624 oeruitur
590 2558 717 2624 imitari.

367 2664 396 2729 d.
420 2663 461 2729 lit
482 2664 534 2731 hia
556 2666 661 2730 tamen
685 2664 830 2730 omuibus
853 2663 956 2730 adhue
974 2664 1096 2748 potiora
1114 2667 1190 2729 eunt
1207 2675 1287 2748 quaa
1305 2661 1459 2729 dieantur.
1475 2679 1504 2725 aa

320 2770 354 2836 in
377 2769 428 2836 hie
451 2770 535 2836 enim
557 2769 706 2836 laudibua
729 2770 817 2836 nulla
838 2770 1043 2855 probamenta
1061 2769 1301 2837 tribulationum
1324 2767 1462 2849 fuerunt,

323 2875 380 2943 aad
407 2860 606 2960 propositum
634 2875 692 2942 deo
720 2875 861 2943 dicatum
888 2877 920 2941 in
948 2877 1096 2970 ereroitio
1124 2880 1158 2942 et
1184 2871 1461 2941 obseruationibus

322 2982 544 3060 oonatstntnm,
568 2982 653 3066 quod
675 2983 750 3065 quia
772 2981 810 3048 ad
835 3001 981 3049 eoronam
1004 2984 1187 3048 meritorum
1210 2980 1375 3047 temtatori
1401 2998 1461 3046 non

322 3088 430 3154 uirum
453 3092 504 3155 eat
526 3088 664 3172 plenum,
688 3089 771 3172 petit
788 3093 826 3155 ιιι
843 3089 1079 3172 permitteretur
1098 3087 1127 3153 ei
1145 3087 1281 3154 diueraie
1300 3087 1461 3152 temtatio-

321 3194 416 3261 nibua
438 3192 571 3278 probare
595 3195 663 3259 eiua
686 3194 854 3273 iustitiam,
879 3199 915 3261 ιιι
937 3196 968 3259 in
992 3194 1106 3260 multia
1129 3193 1319 3260 constrictus
1343 3192 1460 3257 alieubi
1475 3209 1506 3253 ao

322 3301 466 3367 haereret
487 3303 520 3366 et
541 3303 652 3383 poaoet
673 3300 802 3366 modum
826 3300 984 3379 excedere,
1008 3300 1082 3384 quia
1104 3299 1144 3364 ad
1171 3300 1231 3365 hoo
1259 3299 1365 3364 aoleut
1391 3317 1461 3382 peo-

322 3406 469 3473 oautibua
493 3405 636 3473 diueraae
658 3426 776 3491 poenae
798 3406 915 3487 inferri,
937 3410 984 3482 ιιι,
1009 3406 1083 3489 quia
1105 3424 1197 3471 nemo
1221 3405 1326 3470 omnia
1355 3408 1463 3486 potent

321 3512 402 3579 terre
419 3514 587 3590 tormenta,
607 3513 735 3595 aliquod
752 3513 881 3578 illomm
895 3512 1001 3577 eliciat
1014 3511 1043 3577 ei
1058 3511 1202 3577 ueritatis
1220 3508 1461 3575 confessionem.

367 3618 397 3684 7.
419 3617 531 3701 Itaque
554 3619 743 3704 permissum
768 3621 818 3684 eet
840 3618 1001 3684 temtatori
1029 3617 1134 3682 omnia
1161 3616 1229 3682 eiua
1258 3615 1463 3681 exterminare

323 3729 357 3790 et
382 3722 510 3808 perdere
537 3743 638 3807 neque
666 3724 706 3789 ad
733 3728 867 3790 mortam
896 3723 1043 3803 filiomm‚
1064 3727 1111 3800 ιιι,
1135 3723 1163 3788 ai
1191 3721 1344 3802 damnum
1369 3719 1508 3786 torretes

322 3831 430 3908 boum,
460 3830 569 3895 ouium
597 3850 657 3896 non
681 3831 790 3907 ferret3
815 3833 870 3895 aut
893 3830 920 3893 ai
944 3834 977 3895 et
999 3830 1109 3894 onium
1136 3829 1241 3905 ferret,
1269 3827 1461 3892 camelorum

410 4037 517 4092 'illiob
539 4037 598 4100 1,8
653 4037 684 4091 11
705 4036 739 4094 ol.
759 4036 830 4090 lliob
851 4035 907 4104 1,8
963 4036 995 4090 19
1015 4034 1139 4089 cellion
1160 4034 1231 4100 1‚11
1286 4032 1463 4089 melmun

324 4126 348 4191 1,
369 4126 474 4181 12-19

234 4252 327 4323 deff
358 4248 530 4304 eeoularam
552 4247 578 4302 θ
597 4264 646 4302 oon
664 4248 748 4302 latam
768 4249 849 4314 (corr.
866 4247 965 4314 latum)
982 4248 1009 4300 A
1090 4245 1161 4300 'lad
1179 4245 1230 4300 όιιι.
1249 4246 1280 4298 Χ
1359 4245 1462 4300 8deur

322 4335 460 4408 (oemio
519 4336 646 4390 imeriri
667 4334 748 4390 ΘΝΕ
817 4335 873 4406 oui]
893 4352 940 4390 our
957 4335 986 4389 P
1054 4334 1104 4388 tali
1123 4333 1157 4387 Μ
1213 4335 1246 4388 10
1265 4332 1421 4404 perhiberet
1438 4333 1470 4385 Ρ

325 4425 356 4478 11
377 4424 479 4478 uerita
496 4423 534 4478 dt
605 4423 889 4478 recommendare
968 4423 1001 4475 15
1019 4421 1174 4476 hominibua
1194 4420 1390 4475 carminibus
1410 4420 1463 4473 Ga

326 4513 358 4567 17
378 4518 408 4566 at
424 4527 476 4567 oar.
496 4509 523 4564 P
571 4510 607 4566 20
625 4516 794 4566 oouetruotua
812 4511 845 4563 X
890 4511 923 4564 21
944 4512 983 4579 at]
1002 4515 1033 4563 ut
1050 4514 1080 4563 at
1096 4509 1139 4578 (ut
1156 4507 1277 4574 erne.)0
1329 4506 1465 4576 poeaitll

324 4602 437 4668 portent
454 4598 592 4666 (eonio
647 4596 769 4653 arridere
789 4597 861 4665 O‚N
876 4599 976 4666 (eom),
994 4597 1050 4650 ΕΒ
1089 4596 1124 4650 22
1143 4596 1267 4650 diuerrae
1285 4595 1350 4661 tino
1367 4608 1464 4647 ranae

326 4685 470 4754 Piaeipa't
511 4685 546 4739 28
565 4684 666 4754 ellolat]
685 4686 766 4739 aliter
784 4684 883 4738 elioeat
901 4688 1006 4738 ertraat
1023 4685 1051 4737 P
1068 4685 1165 4738 alioaat
1182 4683 1213 4735 Χ
1252 4683 1287 4737 26
1306 4682 1398 4751 boum]
1417 4683 1465 4733 aut

328 4769 470 4827 othonum
491 4769 630 4825 Obonum
649 4772 741 4841 (oorr.)
759 4772 789 4826 F
804 4772 903 4826 bouum
926 4772 1070 4841 6,,(οοπ.)
1089 4774 1115 4824 Α
1193 4772 1230 4839 ιι]
1249 4785 1303 4824 uon
1323 4769 1351 4821 P
1369 4784 1419 4823 oar.
1441 4765 1467 4818 Χ

330 4858 490 4913 aamelorunr
509 4859 681 4913 amlaaionam
699 4874 753 4913 non
772 4858 855 4913 terret
871 4874 923 4914 oea
941 4858 974 4911 N
