3275 6434
464 1577 590 1642 134
1033 1574 1036 1577 ’
1266 1572 1465 1628 Liber
1500 1572 1958 1643 quaestionum

462 1786 627 1843 mus,
698 1771 773 1833 ut
834 1767 1171 1832 morientes
1237 1766 1542 1834 mundum
1598 1784 1637 1830 n
1689 1766 1872 1832 nobis
1935 1766 2227 1831 innnsum
2303 1786 2421 1833 non
2497 1771 2749 1835 tantum

463 1890 641 1950 uoce,
689 1872 801 1937 sed
840 1877 906 1938 et
940 1871 1173 1937 litteris
1219 1876 1666 1946 contestemur,
1712 1875 1789 1937 ut
1832 1872 2217 1955 professione
2262 1877 2479 1938 nostra
2524 1875 2603 1939 sb
2651 1896 2748 1955 eo,

464 1978 648 2045 cuius
719 1978 995 2043 mundus
1041 1981 1160 2053 est,
1225 1977 1736 2043 condemnemur.
1802 1977 1947 2042 hinc
2012 1977 2334 2043 dominus:
2392 1980 2515 2063 qui
2580 1999 2745 2046 non.

462 2084 693 2166 inquit,
721 2083 1124 2165 reliquerit
1150 2083 1392 2148 omnin
1430 2087 1505 2148 et
1540 2087 1858 2148 secutus
1886 2101 1997 2147 me
2025 2082 2283 2161 fuerit,
2315 2102 2456 2149 non
2488 2090 2748 2169 potest

465 2208 671 2255 meus
719 2189 1150 2273 discipulus
1197 2207 1384 2254 esse.
1433 2189 1820 2272 quicumque
1867 2207 2013 2274 ergo
2051 2190 2142 2254 sic
2180 2190 2372 2255 babet
2407 2190 2747 2257 facultates
2809 2208 2837 2253 s

467 2314 639 2390 suns,
687 2300 761 2361 ut
805 2314 979 2379 spem
1028 2295 1091 2360 in
1136 2295 1268 2360 illis
1317 2314 1435 2361 nou
1483 2295 1732 2372 babent,
1779 2299 2035 2379 paratus
2082 2298 2291 2360 nutem
2342 2298 2429 2361 sit
2472 2316 2584 2379 pro
2625 2296 2748 2361 fide

466 2401 610 2471 illas
665 2401 927 2479 abicere,
981 2401 1150 2466 uiam
1207 2400 1491 2466 ambulat
1544 2419 1671 2483 qus
1726 2401 1854 2465 itur
1903 2399 1981 2464 nd
2043 2399 2365 2467 Christum
2422 2401 2746 2467 dominum

467 2511 776 2572 nostrum.

557 2615 618 2678 2.
665 2612 1005 2696 Didrsgma
1053 2612 1249 2696 igitur
1295 2611 1371 2677 ab
1416 2611 1519 2677 bis
1557 2611 1859 2697 exigenda
1894 2615 2044 2687 erat,
2084 2612 2192 2694 qni
2230 2611 2471 2695 aliquid
2508 2614 2746 2697 negotii

469 2718 770 2804 gerebant
839 2722 953 2783 aut
1022 2718 1263 2783 artibus
1338 2735 1589 2800 opernm
1656 2717 1905 2783 dabant.
1985 2716 2267 2782 saluntor
2337 2721 2573 2795 autem,
2639 2719 2834 2801 quim

470 2824 626 2890 ιιί1ιὶ1
679 2824 901 2888 horum
960 2824 1236 2901 curabat,
1293 2841 1497 2906 neque
1554 2823 1852 2907 discipuli
1906 2823 2065 2897 eius,
2130 2823 2471 2908 exigendus
2527 2825 2749 2906 utique

471 2947 591 2994 non
639 2933 792 2994 erat.
849 2929 960 2993 sed
1007 2928 1154 3011 quia
1197 2927 1490 2993 inimicus
1545 2927 1833 2994 diabolus
1890 2946 2137 3010 semper
2191 2929 2253 2992 in
2310 2929 2559 2994 insidiis
2616 2933 2751 2994 erat

470 3035 859 3100 occasionem
892 3052 1218 3116 quaerenS,
1259 3033 1316 3098 si
1351 3038 1570 3116 posset
1612 3033 1910 3098 inclinare
1947 3034 2350 3112 saluatorem,
2389 3038 2747 3099 exactorum

472 3139 834 3225 didragmae
883 3140 1122 3204 animos
1172 3139 1526 3221 occupauit,
1573 3143 1647 3204 ιιι
1691 3139 1828 3204 eius
1876 3139 2152 3204 facerent
2209 3140 2624 3205 uoluntatem.
2683 3146 2750 3203 ut

470 3245 842 3311 accedentes
889 3245 965 3309 ad
1013 3244 1292 3319 Petrum,
1341 3244 1447 3326 qui
1495 3244 1737 3326 primus
1784 3245 1949 3308 iuter
2002 3244 2326 3326 apostolos
2381 3250 2534 3322 erat,
2584 3245 2748 3309 solui
2789 3263 2837 3307 1³

472 3350 697 3415 debere
761 3349 839 3415 nb
903 3369 1115 3415 eorum
1184 3349 1486 3433 magistro
1553 3349 1834 3414 dicerent
1886 3348 2294 3431 didragmam.
2350 3350 2456 3430 qui
2513 3349 2591 3414 ab
2650 3349 2750 3411 bis

474 3457 767 3521 onen‘bus
832 3456 1011 3520 liberi
1078 3460 1254 3520 eraut
1299 3492 1378 3502 —
1430 3455 1585 3519 nibil
1642 3456 1806 3518 euim
1867 3455 2135 3538 agebant
2184 3455 2242 3517 iu
2302 3455 2536 3518 mundo
2586 3454 2749 3536 quud

474 3565 648 3628 esset
672 3561 889 3626 mundi
917 3597 1024 3639 —‚
1055 3564 1148 3637 ut,
1179 3560 1326 3642 quin
1355 3579 1474 3625 non
1505 3564 1639 3625 erat
1667 3560 1829 3624 uude
1858 3560 2153 3637 solueret,
2185 3566 2297 3623 aut
2324 3559 2425 3624 his
2455 3558 2750 3623 scandalo

475 3672 647 3734 esset
692 3670 805 3732 aut
838 3671 1004 3732 certe
1043 3665 1402 3730 humilitate
1445 3665 1729 3750 suffragii
1768 3671 2093 3747 quaereret
2129 3685 2166 3730 a
2204 3685 2327 3748 quo
2376 3665 2749 3731 solueretur.

474 3779 627 3840 tunc
683 3771 994 3850 domiuus,
1061 3775 1132 3836 ut
1194 3770 1596 3853 inprouidum
1663 3770 1982 3836 diabolum
2051 3777 2113 3837 et
2178 3772 2484 3837 aduersus
2550 3775 2757 3835 semet
2788 3789 2837 3833 en

473 3881 683 3963 ipsum
731 3897 981 3960 semper
1024 3877 1367 3942 machinari
1415 3877 1792 3953 ostenderet,
1840 3877 1918 3941 ad
1968 3897 2136 3942 mare
2183 3879 2271 3942 ire
2311 3878 2566 3940 Petrum
2607 3896 2752 3958 apo-

475 3985 709 4050 stolum
751 3983 929 4047 iubet
964 3987 1030 4048 et
1065 3982 1233 4067 capti
1271 3983 1466 4066 piscis
1515 4002 1585 4048 os
1624 3984 1865 4066 aperire
1914 3989 1978 4047 et
2004 3983 2134 4047 illic
2173 3981 2451 4046 inuenire
2492 3982 2751 4045 modum

475 4089 781 4154 exactioni
830 4088 1134 4164 debitum,
1193 4107 1316 4170 quo
1365 4089 1575 4152 soluto
1625 4107 1743 4152 non
1794 4088 1999 4153 solum
2061 4087 2356 4152 scandalo
2412 4105 2533 4151 uon
2583 4093 2755 4150 esset

478 4194 870 4259 exactoribus
918 4213 1120 4275 neque
1158 4192 1567 4258 inclinaretur
1602 4194 1906 4275 requisito
1947 4194 2178 4258 auxilio
2228 4192 2304 4256 ad
2353 4190 2755 4257 soluendum.

477 4319 696 4364 uerum
745 4300 934 4364 etiam
982 4299 1230 4383 signum
1280 4297 1537 4362 uirtutis
1580 4301 1885 4362 maximae
1924 4297 2398 4375 demonstraret9
2436 4317 2550 4381 per
2585 4297 2754 4378 quocl
2791 4318 2837 4361 ες,

479 4410 696 4487 captos
743 4423 780 4468 a
826 4404 1073 4469 diabolo
1121 4402 1198 4467 ad
1246 4423 1312 4467 se
1359 4403 1651 4467 traheret.
1701 4407 1773 4466 ut
1817 4407 2183 4487 argumento
2233 4407 2299 4466 et
2342 4402 2579 4466 astutia
2640 4419 2754 4464 sun

656 4613 688 4666 3
728 4611 792 4665 cf.
833 4611 1026 4665 Matth.
1071 4612 1152 4679 19,
1190 4611 1273 4664 27.
1313 4611 1400 4663 29.
1437 4611 1562 4664 Luc.
1605 4611 1687 4679 14,
1726 4601 1813 4664 2'6.
1850 4610 1920 4662 33

213 4731 452 4800 ·.1es.P‹1·
553 4735 586 4788 2
625 4734 978 4788 contesiiumr
1020 4734 1066 4787 C
1171 4735 1198 4786 7
1238 4732 1363 4786 illas
1402 4733 1634 4801 abicere]
1677 4734 1772 4787 illu
1808 4732 2047 4785 subicere
2085 4731 2405 4794 «sabinensi
2447 4731 2550 4784 CX
2671 4732 2758 4784 uia

482 4824 543 4877 N
682 4821 974 4877 ambulat·-
1012 4821 1076 4875 N
1212 4821 1343 4888 itur!
1383 4821 1552 4889 igitur
1589 4823 1778 4888 (corr.)
1815 4820 1888 4873 M
1920 4820 2088 4874 uitur
2129 4821 2176 4872 ι’
2317 4821 2351 4872 9
2386 4818 2674 4888 deti-agina
2716 4822 2763 4864 (⁹

483 4912 609 4980 quin.
643 4912 829 4978 (corr.)
865 4909 932 4962 M
1027 4909 1090 4963 13
1126 4926 1190 4964 ex
1227 4913 1535 4963 auctorum·
1562 4907 1626 4961 N
1724 4909 1788 4961 14
1826 4905 2115 4972 dedu-amne
2153 4909 2338 4975 (corr.)
2379 4908 2426 4957 !.'
2530 4911 2593 4959 ut
2632 4907 2756 4974 alh}

483 4999 571 5053 ait
598 5005 785 5067 (corr.)
827 4998 874 5052 0
1005 4999 1068 5052 16
1107 4997 1388 5066 didragma
1424 4996 1557 5054 NX.
1595 5001 1782 5061 (corr.)
1818 4995 1893 5048 M
1923 4994 2216 5064 dedngmu
2254 5011 2413 5050 ‹mu-r.
2451 4993 2767 5062 didragma)

487 5088 533 5141 U
675 5088 739 5141 17
776 5085 1067 5140 honeribus
1105 5086 1167 5139 X
1333 5084 1506 5150 liberi!
1543 5084 1673 5138 hinc
1709 5099 1901 5138 rursus
1940 5081 1991 5135 G
2030 5084 2225 5150 incipit
2404 5080 2548 5150 quod
2586 5085 2759 5149 esset!

483 5175 627 5246 quod
665 5179 801 5229 est·-
839 5177 997 5230 (corr.
1037 5178 1129 5228 mk>
1165 5175 1256 5244 qni
1302 5179 1426 5227 suut
1473 5173 1596 5227 filii»
1642 5171 1693 5226 G
1739 5171 1882 5242 quod
1930 5175 2015 5225 est
2061 5173 2111 5224 Α
2333 5172 2395 5224 18
2441 5169 2758 5224 scandulum

487 5264 589 5319 ΘΑ
683 5262 746 5317 21
788 5262 1079 5317 machinari
1116 5261 1444 5328 ostenderet}
1481 5259 2017 5315 iunxinnristendcret
2053 5258 2108 5310 X
2196 5258 2276 5312 ire
2311 5275 2393 5312 «re
2430 5259 2492 5310 in
2528 5272 2665 5312 rasa
2692 5257 2766 5310 M

483 5354 552 5406 :22
590 5353 762 5422 pisces
799 5350 907 5405 FB
1082 5350 1176 5404 ille
1215 5352 1398 5415 (corr)
1436 5349 1497 5401 N
1617 5349 1687 5403 :28
1724 5348 2000 5402 exactione
2038 5346 2156 5399 XX
2331 5344 2648 5400 scandulum
2688 5345 2761 5401 N.

481 5443 664 5505 (corr.)
707 5439 792 5492 G.
866 5438 935 5490 26
974 5442 1162 5506 coptus
1198 5436 1261 5489 N
1398 5434 1489 5504 null
1529 5452 1561 5490 u
1601 5436 1660 5488 X
