3275 6434
640 1458 771 1524 452
1168 1450 1510 1523 Appendix
1544 1452 2009 1524 quaestionum
2045 1451 2201 1508 noui
2234 1456 2394 1508 test.

638 1646 958 1714 hominem
1031 1644 1447 1731 significauit,
1510 1644 1624 1713 sed
1688 1640 1883 1711 simul
1956 1644 2408 1729 conprehendit
2472 1651 2540 1712 et
2601 1646 2925 1719 feminum,

639 1752 792 1838 quia
832 1751 1040 1837 portio
1084 1751 1208 1817 uiri
1255 1754 1356 1817 est
1404 1750 1654 1818 mulier.
1702 1768 1845 1817 nam
1892 1750 2102 1817 omnia
2143 1769 2339 1835 supra
2392 1751 2568 1821 dicta
2621 1751 2922 1827 facinora,

640 1877 802 1943 quae
847 1856 1158 1925 uiolenter
1199 1857 1263 1923 in
1309 1874 1381 1923 se
1426 1875 1591 1922 unns
1638 1856 1909 1940 quisque
1955 1856 2256 1936 admittit,
2305 1875 2426 1923 non
2463 1861 2676 1923 totum
2720 1875 2924 1923 macu-

637 1964 775 2031 lant
815 1981 1075 2048 corpns;
1121 1961 1464 2048 singularis
1510 1960 1677 2027 enim
1723 1964 1947 2046 peccat
1991 1979 2064 2029 ac
2108 1980 2220 2045 per
2264 1962 2386 2028 hoc
2422 1963 2605 2029 solus
2644 1962 2722 2028 fit
2757 1981 2920 2029 rens.

640 2070 704 2136 in
749 2068 1159 2136 fornicatione
1214 2067 1384 2134 enim
1439 2070 1649 2134 totum
1703 2065 2013 2151 polluitur
2066 2085 2317 2153 corpus,
2372 2067 2523 2152 quia
2576 2086 2922 2135 consensus
2975 2089 3000 2133 ι

640 2173 1195 2242 contaminationis
1242 2177 1309 2239 et
1349 2173 1562 2239 uirum
1607 2176 1786 2239 tenet
1829 2175 1895 2238 et
1938 2171 2265 2239 feminam:
2313 2172 2457 2240 ideo
2493 2192 2695 2259 grane
2734 2173 2913 2240 delio·

640 2283 778 2347 tum
842 2298 986 2346 esse
1047 2277 1548 2346 fornicationem.
1612 2277 1892 2362 pessime
1957 2279 2123 2344 enirn
2188 2283 2508 2361 peccatur,
2574 2297 2726 2345 cum
2783 2280 2921 2362 quia

638 2385 900 2452 facinori
947 2403 1064 2453 suo
1110 2384 1358 2451 socium
1404 2383 1653 2467 quaerit
1697 2382 1779 2449 ad
1820 2382 2260 2469 perditionem.
2304 2384 2362 2450 si
2407 2384 2600 2462 enim,
2646 2388 2729 2452 ut
2770 2385 2922 2452 bene

640 2491 869 2558 uiuens
915 2489 1109 2557 etiam
1155 2509 1268 2575 pro
1314 2507 1388 2556 eo
1446 2487 1798 2573 praemium
1851 2488 2141 2573 accipiet,
2197 2507 2386 2572 quem
2439 2489 2695 2555 lucrum
2752 2490 2920 2556 fecit.

645 2603 711 2665 et
774 2598 981 2663 malus
1045 2614 1167 2661 non
1232 2597 1483 2662 tanturn
1535 2593 1599 2660 in
1655 2613 1746 2674 se,
1802 2593 1917 2660 sed
1972 2598 2037 2660 et
2090 2594 2153 2660 in
2208 2594 2321 2661 illo
2375 2593 2448 2660 fit
2501 2613 2674 2672 reus,
2732 2615 2914 2678 quem
2951 2614 2998 2656 ω

641 2703 1013 2788 participem
1060 2700 1269 2769 uoluit
1310 2700 1541 2768 habere
1588 2699 2031 2779 damnationis,
2069 2703 2304 2783 quanto
2342 2700 2550 2784 magis
2591 2701 2703 2784 qui
2741 2701 2918 2767 forni-

640 2813 840 2886 catur,
885 2827 1073 2893 quem
1122 2810 1377 2875 constat
1419 2825 1545 2874 uno
1593 2806 1832 2872 delicto
1878 2824 1948 2872 se
1991 2806 2203 2888 ipsum
2248 2805 2349 2873 bis
2404 2806 2684 2889 quodam
2739 2808 2922 2875 modo

640 2915 1097 2983 contaminare!
1155 2914 1213 2980 si
1267 2913 1435 2979 enim
1492 2913 1555 2978 in
1601 2930 1875 2990 carnem,
1921 2931 2083 2997 quae
2128 2930 2203 2978 ex
2247 2931 2315 2978 ss
2360 2916 2481 2989 est,
2528 2918 2779 2995 peccat,
2825 2914 2917 2980 his

642 3021 863 3104 ntique
911 3038 981 3086 se
1026 3019 1240 3103 ipsum
1286 3017 1617 3084 adulterat

732 3129 794 3191 2.
843 3124 910 3192 Si
958 3126 1100 3207 quis
1150 3129 1363 3194 autem
1412 3123 1846 3208 quaestionem
1894 3124 2053 3189 hanc
2101 3123 2546 3208 transfigurare
2591 3144 2662 3190 se
2720 3130 2918 3209 putat.
2952 3143 2996 3183 ιι

642 3237 714 3297 ιιι
762 3236 873 3297 aut
919 3231 996 3295 ad
1045 3230 1376 3296 ecclesiam
1427 3234 1539 3295 aut
1583 3229 1663 3294 ad
1708 3248 1935 3312 corpus
1986 3228 2224 3296 Christi
2264 3229 2504 3295 dictum
2551 3230 2675 3296 hoc
2724 3238 2914 3314 aptet,

645 3357 765 3402 uon
814 3337 1029 3401 stabit.
1079 3335 1395 3420 inproprie
1443 3337 1609 3400 enim
1658 3334 1903 3400 dicetur
1948 3338 2013 3400 et
2054 3335 2431 3401 Nouatianis
2490 3336 2725 3402 similis
2781 3338 2916 3414 erit,

644 3441 773 3525 qui,
812 3445 887 3506 ut
924 3459 1177 3506 causam
1215 3440 1446 3505 furoris
1486 3440 1586 3506 sui
1623 3440 1929 3517 adstruat,
1968 3441 2332 3523 pronuntiat
2368 3461 2536 3517 eum,
2575 3443 2687 3524 qui
2734 3442 2915 3508 forni-

641 3554 837 3629 catur,
866 3568 984 3614 non
1014 3549 1076 3613 in
1107 3567 1294 3614 suum
1325 3566 1552 3632 corpus
1582 3565 1862 3630 peccare,
1892 3547 2003 3612 sed
2032 3548 2096 3612 in
2128 3546 2387 3626 Christi,
2408 3547 2559 3630 quia
2578 3547 2915 3614 Christiani

643 3654 924 3721 membra
980 3658 1045 3719 et
1099 3672 1328 3739 corpus
1394 3652 1629 3721 Christi
1686 3658 1855 3732 sunt,
1923 3659 1995 3717 ut
2048 3653 2378 3719 fornicatio
2432 3653 2553 3719 hoc
2611 3654 2702 3718 sit
2755 3655 2915 3737 quod
2947 3671 2990 3711 ιω

642 3759 1071 3844 sacrilegium,
1118 3763 1194 3824 ut
1243 3758 1392 3825 talis
1447 3760 1510 3825 in
1568 3759 1891 3826 Christum
1950 3759 2197 3824 dicatur
2250 3777 2536 3843 peccare,
2587 3760 2758 3824 sicut
2812 3748 2913 3843 qui

642 3868 833 3950 negat
879 3863 1228 3930 Christum.
1276 3865 1442 3948 quod
1491 3864 1745 3948 quidem
1790 3864 2103 3930 infirmum
2145 3869 2244 3930 est
2279 3868 2343 3930 et
2377 3865 2627 3948 fragile,
2665 3866 2812 3948 quia
2850 3886 2914 3930 ex

644 3971 870 4054 quauis
917 3973 1093 4054 parte
1140 3970 1356 4036 haeret
1407 3971 1470 4035 in
1531 3970 1828 4054 laqueum
1885 3982 1952 4035 et
2003 3987 2124 4036 non
2181 3969 2417 4036 euadit.
2475 3973 2532 4035 si
2589 3971 2758 4037 euim
2813 3975 2913 4054 qui

639 4075 987 4142 fornicatur
1037 4076 1099 4140 in
1162 4095 1391 4161 corpus
1440 4075 1677 4143 Christi
1724 4078 1966 4159 peccat,
2012 4081 2219 4141 cetera
2264 4080 2525 4160 peccata
2568 4095 2691 4142 nou
2742 4086 2916 4142 erunt

640 4183 703 4247 in
761 4180 1082 4248 Christum
1145 4181 1442 4258 admissa,
1499 4186 1573 4247 ut
1626 4181 1682 4247 si
1739 4180 2134 4248 Christianus
2190 4181 2444 4247 fratrem
2506 4181 2756 4247 occidat
2810 4187 2911 4246 aut
2942 4196 2983 4238 ὃ

641 4286 954 4353 sacrificet
996 4287 1185 4352 idolis
1243 4287 1346 4352 uel
1409 4286 1581 4352 aliud
1629 4305 1831 4372 genus
1877 4288 2120 4370 peccati
2167 4287 2483 4364 admittat,
2540 4288 2692 4371 quia
2740 4307 2913 4352 omne

817 4490 850 4541 2
889 4488 957 4544 cr.
996 4488 1020 4544 1
1058 4487 1181 4545 cor.
1222 4491 1306 4556 11,
1344 4492 1396 4546 s.
1439 4490 1502 4544 12
1687 4492 1751 4545 15
1791 4490 1857 4546 er.
1894 4490 1921 4546 1
1962 4490 2081 4547 eor.
2118 4494 2169 4560 4,
2206 4494 2241 4547 e
2393 4493 2464 4548 20
2500 4492 2567 4547 cr.
2608 4494 2634 4546 1
2672 4493 2793 4550 eor.
2835 4496 2909 4551 ιι,

641 4578 726 4631 27.
765 4578 816 4644 o,
857 4578 921 4631 15

712 4701 745 4752 2
782 4701 977 4755 mulier
1013 4707 1096 4755 est
1133 4700 1198 4754 K
1337 4701 1371 4755 8
1408 4701 1645 4756 maculat
1680 4701 1803 4757 ΒΚ
1941 4704 1975 4756 4
2013 4703 2111 4757 flet
2145 4704 2246 4758 Ka
2386 4707 2420 4759 5
2459 4704 2624 4775 enim]
2663 4710 2844 4759 autem
2880 4725 2909 4759 a

640 4789 674 4842 6
711 4789 988 4858 delictum}
1028 4789 1157 4843 add.
1195 4806 1239 4844 s.
1279 4791 1314 4844 l.
1354 4793 1569 4844 constat
1603 4788 1668 4842 K
1779 4792 1812 4844 8
1854 4791 2079 4846 facinori
2117 4791 2234 4861 suo]
2274 4792 2613 4847 facinorosus
2654 4798 2804 4861 (osus
2840 4800 2913 4848 ml

640 4879 704 4932 ἐκ
736 4881 873 4945 ras.)
908 4877 972 4932 K
1112 4878 1148 4932 9
1184 4877 1319 4932 lucri
1356 4878 1398 4947 (i
1434 4878 1496 4932 ἐκ
1530 4893 1643 4934 ras.
1681 4882 1787 4946 nl)
1820 4877 1887 4932 K
2028 4879 2094 4934 10
2131 4884 2188 4933 et
2224 4879 2326 4945 alt.
2360 4896 2465 4935 om.
2502 4880 2566 4935 K
2716 4882 2825 4936 alio
2862 4881 2913 4936 Κ

643 4967 707 5022 11
755 4964 977 5035 habere]
1022 4964 1141 5020 fleri
1174 4964 1241 5020 K
1407 4965 1475 5019 12
1520 4982 1580 5021 se
1622 4966 2265 5037 ipsum—contaminare]
2312 4966 2400 5022 bis
2447 4985 2507 5023 se
2553 4970 2913 5025 contaminare

641 5051 1036 5123 quodammodo
1071 5053 1136 5108 K
1261 5054 1324 5109 17
1363 5052 1673 5110 Nouatiano
1711 5070 1753 5108 ο
1870 5055 1935 5109 18
1973 5059 2183 5110 astruat
2217 5057 2540 5126 pronuntiat
2573 5059 2657 5124 (in
2691 5066 2829 5125 ms.)
2864 5059 2914 5113 D

641 5140 909 5211 adstruat]
949 5141 1219 5196 obtexisse
1252 5140 1503 5197 uideatur
1536 5141 1602 5196 K
1631 5158 1733 5197 om.
1775 5160 1814 5197 a
1888 5143 1957 5198 19
1990 5159 2143 5198 suum
2181 5144 2402 5214 corpus]
2442 5162 2599 5201 suum
2637 5145 2703 5201 K
2735 5164 2916 5218 corpus

640 5244 797 5284 suum
843 5245 879 5283 a
1055 5231 1300 5300 peccare]
1351 5229 1483 5287 aaa.
1530 5234 1770 5287 assertus
1814 5235 1976 5301 (αι-ιι.)
2021 5238 2072 5287 et
2117 5247 2313 5303 corpus
2357 5247 2403 5288 s.
2453 5233 2493 5292 1.
2540 5238 2636 5290 ¹⁸⁸2
2681 5234 2745 5290 K
2794 5234 2917 5290 add.

641 5332 884 5371 asserem
921 5334 961 5372 a
1067 5318 1135 5373 26
1174 5318 1283 5389 uel]
1321 5322 1419 5373 aut
1452 5317 1517 5373 K
