<?xml version="1.0" encoding="UTF-8"?>
<!DOCTYPE html PUBLIC "-//W3C//DTD XHTML 1.0 Transitional//EN"
    "http://www.w3.org/TR/xhtml1/DTD/xhtml1-transitional.dtd">
<html xmlns="http://www.w3.org/1999/xhtml" xml:lang="en" lang="en">
 <head>
  <title>
</title>
<meta http-equiv="Content-Type" content="text/html;charset=utf-8" />
  <meta name='ocr-system' content='tesseract 3.04.00' />
  <meta name='ocr-capabilities' content='ocr_page ocr_carea ocr_par ocr_line ocrx_word'/>
</head>
<body>
  <div class='ocr_page' id='page_1' title='image "./pseudoaugustini00soutgoog_0100.png"; bbox 0 0 3275 6434; ppageno 0'>
   <div class='ocr_carea' id='block_1_1' title="bbox 1064 642 3060 1124">
    <p class='ocr_par' dir='ltr' id='par_1_1' title="bbox 1064 642 3060 1124">
     <span class='ocr_line' id='line_1_1' title="bbox 1064 642 3060 1124; baseline 0 5310"><span class='ocrx_word' id='word_1_1' title='bbox 1064 642 3060 1124; x_wconf 95' lang='lat' dir='ltr'><strong> </strong></span> 
     </span>
    </p>
   </div>
   <div class='ocr_carea' id='block_1_2' title="bbox 649 1515 2145 1590">
    <p class='ocr_par' dir='ltr' id='par_1_2' title="bbox 649 1515 2145 1590">
     <span class='ocr_line' id='line_1_2' title="bbox 649 1515 2145 1590; baseline 0 -17"><span class='ocrx_word' id='word_1_2' title='bbox 649 1517 737 1586; x_wconf 73' lang='lat'><strong>58</strong></span> <span class='ocrx_word' id='word_1_3' title='bbox 1443 1516 1644 1574; x_wconf 73' lang='lat' dir='ltr'><strong>Liber</strong></span> <span class='ocrx_word' id='word_1_4' title='bbox 1676 1515 2145 1590; x_wconf 72' lang='lat' dir='ltr'><strong>quaestionum</strong></span> 
     </span>
    </p>
   </div>
   <div class='ocr_carea' id='block_1_3' title="bbox 641 1708 3022 2748">
    <p class='ocr_par' dir='ltr' id='par_1_3' title="bbox 641 1708 3022 2748">
     <span class='ocr_line' id='line_1_3' title="bbox 650 1708 2937 1797; baseline 0 -20"><span class='ocrx_word' id='word_1_5' title='bbox 650 1708 841 1797; x_wconf 72' lang='lat' dir='ltr'><strong>digne</strong></span> <span class='ocrx_word' id='word_1_6' title='bbox 882 1709 1096 1777; x_wconf 78' lang='lat' dir='ltr'><strong>iustus</strong></span> <span class='ocrx_word' id='word_1_7' title='bbox 1139 1709 1395 1791; x_wconf 78' lang='lat' dir='ltr'><strong>dieitur,</strong></span> <span class='ocrx_word' id='word_1_8' title='bbox 1433 1710 1584 1796; x_wconf 81' lang='lat' dir='ltr'><strong>quia</strong></span> <span class='ocrx_word' id='word_1_9' title='bbox 1616 1711 2029 1796; x_wconf 67' lang='lat' dir='ltr'><strong>pronuntians</strong></span> <span class='ocrx_word' id='word_1_10' title='bbox 2072 1714 2407 1796; x_wconf 83' lang='lat' dir='ltr'><strong>peooatum</strong></span> <span class='ocrx_word' id='word_1_11' title='bbox 2455 1730 2644 1780; x_wconf 85' lang='lat' dir='ltr'><strong>suum</strong></span> <span class='ocrx_word' id='word_1_12' title='bbox 2689 1710 2937 1778; x_wconf 85' lang='lat' dir='ltr'><strong>remitti</strong></span> 
     </span>
     <span class='ocr_line' id='line_1_4' title="bbox 648 1815 2935 1902; baseline 0 -19"><span class='ocrx_word' id='word_1_13' title='bbox 648 1816 874 1901; x_wconf 70' lang='lat' dir='ltr'><strong>nfique</strong></span> <span class='ocrx_word' id='word_1_14' title='bbox 935 1816 1062 1884; x_wconf 86' lang='lat' dir='ltr'><strong>sibi</strong></span> <span class='ocrx_word' id='word_1_15' title='bbox 1111 1815 1402 1902; x_wconf 86' lang='lat' dir='ltr'><strong>postulat</strong></span> <span class='ocrx_word' id='word_1_16' title='bbox 1453 1816 1953 1885; x_wconf 81' lang='lat' dir='ltr'><strong>miserioordiam</strong></span> <span class='ocrx_word' id='word_1_17' title='bbox 2009 1816 2113 1884; x_wconf 79' lang='lat' dir='ltr'><strong>dei</strong></span> <span class='ocrx_word' id='word_1_18' title='bbox 2173 1816 2516 1902; x_wconf 82' lang='lat' dir='ltr'><strong>inplorans.</strong></span> <span class='ocrx_word' id='word_1_19' title='bbox 2585 1817 2713 1884; x_wconf 81' lang='lat' dir='ltr'><strong>soit</strong></span> <span class='ocrx_word' id='word_1_20' title='bbox 2763 1816 2935 1885; x_wconf 87' lang='lat' dir='ltr'><strong>enim</strong></span> 
     </span>
     <span class='ocr_line' id='line_1_5' title="bbox 650 1921 2933 2010; baseline 0.001 -21"><span class='ocrx_word' id='word_1_21' title='bbox 650 1921 893 1990; x_wconf 78' lang='lat' dir='ltr'><strong>dietum</strong></span> <span class='ocrx_word' id='word_1_22' title='bbox 936 1923 1002 1990; x_wconf 92' lang='lat' dir='ltr'><strong>in</strong></span> <span class='ocrx_word' id='word_1_23' title='bbox 1056 1924 1230 2010; x_wconf 76' lang='lat' dir='ltr'><strong>lege:</strong></span> <span class='ocrx_word' id='word_1_24' title='bbox 1276 1922 1653 1991; x_wconf 74' lang='lat' dir='ltr'><strong>confitere</strong></span> <span class='ocrx_word' id='word_1_25' title='bbox 1706 1927 2023 2008; x_wconf 80' lang='lat' dir='ltr'><strong>peooata</strong></span> <span class='ocrx_word' id='word_1_26' title='bbox 2081 1925 2235 2003; x_wconf 86' lang='lat' dir='ltr'><strong>tua,</strong></span> <span class='ocrx_word' id='word_1_27' title='bbox 2289 1925 2378 1989; x_wconf 93' lang='lat' dir='ltr'><strong>ut</strong></span> <span class='ocrx_word' id='word_1_28' title='bbox 2434 1923 2933 1991; x_wconf 74' lang='lat' dir='ltr'><strong>iustificeris.</strong></span> 
     </span>
     <span class='ocr_line' id='line_1_6' title="bbox 654 2027 2934 2114; baseline 0 -18"><span class='ocrx_word' id='word_1_29' title='bbox 654 2028 809 2114; x_wconf 81' lang='lat' dir='ltr'><strong>quid</strong></span> <span class='ocrx_word' id='word_1_30' title='bbox 853 2032 956 2096; x_wconf 85' lang='lat' dir='ltr'><strong>eet</strong></span> <span class='ocrx_word' id='word_1_31' title='bbox 997 2032 1211 2096; x_wconf 85' lang='lat' dir='ltr'><strong>sutem</strong></span> <span class='ocrx_word' id='word_1_32' title='bbox 1256 2029 1330 2096; x_wconf 94' lang='lat' dir='ltr'><strong>in</strong></span> <span class='ocrx_word' id='word_1_33' title='bbox 1375 2027 1790 2114; x_wconf 81' lang='lat' dir='ltr'><strong>primordio</strong></span> <span class='ocrx_word' id='word_1_34' title='bbox 1846 2029 2217 2096; x_wconf 85' lang='lat' dir='ltr'><strong>sermonis</strong></span> <span class='ocrx_word' id='word_1_35' title='bbox 2272 2027 2580 2109; x_wconf 73' lang='lat' dir='ltr'><strong>confiteri,</strong></span> <span class='ocrx_word' id='word_1_36' title='bbox 2634 2029 2761 2097; x_wconf 84' lang='lat' dir='ltr'><strong>nisi</strong></span> <span class='ocrx_word' id='word_1_37' title='bbox 2807 2047 2934 2096; x_wconf 93' lang='lat' dir='ltr'><strong>non</strong></span> 
     </span>
     <span class='ocr_line' id='line_1_7' title="bbox 654 2134 3022 2219; baseline -0 -18"><span class='ocrx_word' id='word_1_38' title='bbox 654 2137 948 2202; x_wconf 71' lang='lat' dir='ltr'><strong>coactum</strong></span> <span class='ocrx_word' id='word_1_39' title='bbox 1009 2134 1217 2215; x_wconf 79' lang='lat' dir='ltr'><strong>fateri,</strong></span> <span class='ocrx_word' id='word_1_40' title='bbox 1273 2134 1389 2203; x_wconf 82' lang='lat' dir='ltr'><strong>sed</strong></span> <span class='ocrx_word' id='word_1_41' title='bbox 1450 2134 1932 2202; x_wconf 74' lang='lat' dir='ltr'><strong>uoluntarium?</strong></span> <span class='ocrx_word' id='word_1_42' title='bbox 1986 2135 2132 2219; x_wconf 83' lang='lat' dir='ltr'><strong>quis</strong></span> <span class='ocrx_word' id='word_1_43' title='bbox 2185 2134 2375 2215; x_wconf 83' lang='lat' dir='ltr'><strong>enim,</strong></span> <span class='ocrx_word' id='word_1_44' title='bbox 2438 2134 2631 2202; x_wconf 85' lang='lat' dir='ltr'><strong>etiam</strong></span> <span class='ocrx_word' id='word_1_45' title='bbox 2693 2134 2929 2202; x_wconf 86' lang='lat' dir='ltr'><strong>timens</strong></span> <span class='ocrx_word' id='word_1_46' title='bbox 2993 2154 3022 2200; x_wconf 77' lang='grc' dir='ltr'>ι</span> 
     </span>
     <span class='ocr_line' id='line_1_8' title="bbox 647 2239 2937 2328; baseline 0 -21"><span class='ocrx_word' id='word_1_47' title='bbox 647 2239 860 2322; x_wconf 80' lang='lat' dir='ltr'><strong>deum,</strong></span> <span class='ocrx_word' id='word_1_48' title='bbox 904 2239 1042 2308; x_wconf 85' lang='lat' dir='ltr'><strong>sine</strong></span> <span class='ocrx_word' id='word_1_49' title='bbox 1093 2248 1356 2327; x_wconf 72' lang='lat' dir='ltr'><strong>peceato</strong></span> <span class='ocrx_word' id='word_1_50' title='bbox 1411 2243 1532 2320; x_wconf 87' lang='lat' dir='ltr'><strong>est,</strong></span> <span class='ocrx_word' id='word_1_51' title='bbox 1587 2259 1735 2308; x_wconf 81' lang='lat' dir='ltr'><strong>oum</strong></span> <span class='ocrx_word' id='word_1_52' title='bbox 1790 2242 1860 2307; x_wconf 90' lang='lat' dir='ltr'><strong>et</strong></span> <span class='ocrx_word' id='word_1_53' title='bbox 1907 2240 1974 2306; x_wconf 89' lang='lat' dir='ltr'><strong>in</strong></span> <span class='ocrx_word' id='word_1_54' title='bbox 2029 2239 2416 2328; x_wconf 64' lang='lat' dir='ltr'><strong>eogitah‘one</strong></span> <span class='ocrx_word' id='word_1_55' title='bbox 2460 2239 2937 2308; x_wconf 75' lang='lat' dir='ltr'><strong>admisceantur</strong></span> 
     </span>
     <span class='ocr_line' id='line_1_9' title="bbox 647 2344 2930 2433; baseline 0 -21"><span class='ocrx_word' id='word_1_56' title='bbox 647 2344 879 2414; x_wconf 78' lang='lat' dir='ltr'><strong>deliota</strong></span> <span class='ocrx_word' id='word_1_57' title='bbox 922 2349 989 2413; x_wconf 89' lang='lat' dir='ltr'><strong>et</strong></span> <span class='ocrx_word' id='word_1_58' title='bbox 1032 2345 1415 2431; x_wconf 69' lang='lat' dir='ltr'><strong>aliquotiens</strong></span> <span class='ocrx_word' id='word_1_59' title='bbox 1459 2365 1801 2433; x_wconf 75' lang='lat' dir='ltr'><strong>peccemus</strong></span> <span class='ocrx_word' id='word_1_60' title='bbox 1846 2345 2081 2413; x_wconf 74' lang='lat' dir='ltr'><strong>inuiti?</strong></span> <span class='ocrx_word' id='word_1_61' title='bbox 2126 2349 2342 2430; x_wconf 86' lang='lat' dir='ltr'><strong>potest</strong></span> <span class='ocrx_word' id='word_1_62' title='bbox 2384 2349 2593 2414; x_wconf 86' lang='lat' dir='ltr'><strong>tamen</strong></span> <span class='ocrx_word' id='word_1_63' title='bbox 2632 2348 2702 2413; x_wconf 89' lang='lat' dir='ltr'><strong>et</strong></span> <span class='ocrx_word' id='word_1_64' title='bbox 2735 2345 2816 2413; x_wconf 79' lang='lat' dir='ltr'><strong>de</strong></span> <span class='ocrx_word' id='word_1_65' title='bbox 2854 2365 2930 2413; x_wconf 87' lang='lat' dir='ltr'><strong>eo</strong></span> 
     </span>
     <span class='ocr_line' id='line_1_10' title="bbox 645 2451 2934 2538; baseline 0 -19"><span class='ocrx_word' id='word_1_66' title='bbox 645 2451 774 2520; x_wconf 81' lang='lat' dir='ltr'><strong>(liei</strong></span> <span class='ocrx_word' id='word_1_67' title='bbox 825 2452 934 2519; x_wconf 82' lang='lat' dir='ltr'><strong>uel</strong></span> <span class='ocrx_word' id='word_1_68' title='bbox 985 2452 1229 2532; x_wconf 85' lang='lat' dir='ltr'><strong>sentiri,</strong></span> <span class='ocrx_word' id='word_1_69' title='bbox 1291 2453 1444 2538; x_wconf 86' lang='lat' dir='ltr'><strong>quia</strong></span> <span class='ocrx_word' id='word_1_70' title='bbox 1503 2453 1996 2520; x_wconf 82' lang='lat' dir='ltr'><strong>oateohumenus</strong></span> <span class='ocrx_word' id='word_1_71' title='bbox 2050 2451 2308 2532; x_wconf 79' lang='lat' dir='ltr'><strong>dieitur,</strong></span> <span class='ocrx_word' id='word_1_72' title='bbox 2360 2455 2440 2519; x_wconf 92' lang='lat' dir='ltr'><strong>ut</strong></span> <span class='ocrx_word' id='word_1_73' title='bbox 2488 2451 2796 2521; x_wconf 81' lang='lat' dir='ltr'><strong>aooedens</strong></span> <span class='ocrx_word' id='word_1_74' title='bbox 2854 2452 2934 2519; x_wconf 81' lang='lat' dir='ltr'><strong>ad</strong></span> 
     </span>
     <span class='ocr_line' id='line_1_11' title="bbox 643 2557 2932 2642; baseline 0 -19"><span class='ocrx_word' id='word_1_75' title='bbox 643 2557 836 2625; x_wconf 79' lang='lat' dir='ltr'><strong>fidem</strong></span> <span class='ocrx_word' id='word_1_76' title='bbox 895 2558 1299 2629; x_wconf 79' lang='lat' dir='ltr'><strong>iustificetur.</strong></span> <span class='ocrx_word' id='word_1_77' title='bbox 1362 2577 1509 2625; x_wconf 87' lang='lat' dir='ltr'><strong>oum</strong></span> <span class='ocrx_word' id='word_1_78' title='bbox 1566 2558 1737 2626; x_wconf 87' lang='lat' dir='ltr'><strong>enim</strong></span> <span class='ocrx_word' id='word_1_79' title='bbox 1799 2558 1966 2642; x_wconf 86' lang='lat' dir='ltr'><strong>petit</strong></span> <span class='ocrx_word' id='word_1_80' title='bbox 2022 2557 2326 2625; x_wconf 86' lang='lat' dir='ltr'><strong>inmutari</strong></span> <span class='ocrx_word' id='word_1_81' title='bbox 2386 2576 2480 2638; x_wconf 82' lang='lat' dir='ltr'><strong>so,</strong></span> <span class='ocrx_word' id='word_1_82' title='bbox 2542 2557 2679 2626; x_wconf 80' lang='lat' dir='ltr'><strong>sine</strong></span> <span class='ocrx_word' id='word_1_83' title='bbox 2734 2558 2932 2626; x_wconf 79' lang='lat' dir='ltr'><strong>dubio</strong></span> 
     </span>
     <span class='ocr_line' id='line_1_12' title="bbox 641 2662 3019 2748; baseline -0.002 -16"><span class='ocrx_word' id='word_1_84' title='bbox 641 2669 1039 2748; x_wconf 74' lang='lat' dir='ltr'><strong>peecatorem</strong></span> <span class='ocrx_word' id='word_1_85' title='bbox 1084 2682 1156 2732; x_wconf 86' lang='lat' dir='ltr'><strong>se</strong></span> <span class='ocrx_word' id='word_1_86' title='bbox 1200 2663 1559 2745; x_wconf 57' lang='lat' dir='ltr'><strong>sonantur,</strong></span> <span class='ocrx_word' id='word_1_87' title='bbox 1603 2669 1682 2731; x_wconf 88' lang='lat' dir='ltr'><strong>ut</strong></span> <span class='ocrx_word' id='word_1_88' title='bbox 1721 2662 2126 2733; x_wconf 73' lang='lat' dir='ltr'><strong>instificetur.</strong></span> <span class='ocrx_word' id='word_1_89' title='bbox 2964 2681 3019 2727; x_wconf 83' lang='grc' dir='ltr'><strong>ιο</strong></span> 
     </span>
    </p>
   </div>
   <div class='ocr_carea' id='block_1_4' title="bbox 645 2906 2929 3186">
    <p class='ocr_par' dir='ltr' id='par_1_4' title="bbox 645 2906 2929 3186">
     <span class='ocr_line' id='line_1_13' title="bbox 645 2906 2928 3003; baseline 0.002 -28"><span class='ocrx_word' id='word_1_90' title='bbox 645 2907 875 2975; x_wconf 81' lang='lat' dir='ltr'>XXXI.</span> <span class='ocrx_word' id='word_1_91' title='bbox 919 2907 1038 2974; x_wconf 81' lang='lat' dir='ltr'><strong>AN</strong></span> <span class='ocrx_word' id='word_1_92' title='bbox 1075 2907 1258 2975; x_wconf 81' lang='lat' dir='ltr'><strong>ctm</strong></span> <span class='ocrx_word' id='word_1_93' title='bbox 1299 2907 1677 2976; x_wconf 70' lang='lat' dir='ltr'><strong>MULIEBR</strong></span> <span class='ocrx_word' id='word_1_94' title='bbox 1720 2907 2068 2976; x_wconf 79' lang='lat' dir='ltr'>NATURA</span> <span class='ocrx_word' id='word_1_95' title='bbox 2115 2907 2486 2976; x_wconf 70' lang='lat' dir='ltr'>SEBPENS</span> <span class='ocrx_word' id='word_1_96' title='bbox 2543 2906 2928 3003; x_wconf 71' lang='lat' dir='ltr'><strong>memus</strong></span> 
     </span>
     <span class='ocr_line' id='line_1_14' title="bbox 647 3010 2929 3186; baseline 0.001 -106"><span class='ocrx_word' id='word_1_97' title='bbox 647 3012 798 3093; x_wconf 71' lang='lat' dir='ltr'>SIT,</span> <span class='ocrx_word' id='word_1_98' title='bbox 824 3013 942 3080; x_wconf 83' lang='lat' dir='ltr'><strong>AN</strong></span> <span class='ocrx_word' id='word_1_99' title='bbox 974 3010 1197 3082; x_wconf 81' lang='lat' dir='ltr'>AG&#39;I&#39;U</span> <span class='ocrx_word' id='word_1_100' title='bbox 1233 3011 1539 3082; x_wconf 79' lang='lat' dir='ltr'><strong>Dm&#39;rus</strong></span> <span class='ocrx_word' id='word_1_101' title='bbox 1577 3013 1950 3186; x_wconf 51' lang='lat' dir='ltr'><strong>SEgKssHNS</strong></span> <span class='ocrx_word' id='word_1_102' title='bbox 1988 3012 2410 3082; x_wconf 85' lang='lat' dir='ltr'>DIABOLUS</span> <span class='ocrx_word' id='word_1_103' title='bbox 2450 3013 2929 3082; x_wconf 71' lang='lat' dir='ltr'>SRDUXERIT</span> 
     </span>
    </p>
   </div>
   <div class='ocr_carea' id='block_1_5' title="bbox 633 3257 3019 4402">
    <p class='ocr_par' dir='ltr' id='par_1_5' title="bbox 633 3257 3019 4402">
     <span class='ocr_line' id='line_1_15' title="bbox 737 3257 2927 3346; baseline 0.002 -22"><span class='ocrx_word' id='word_1_104' title='bbox 737 3259 795 3325; x_wconf 88' lang='lat'><strong>1.</strong></span> <span class='ocrx_word' id='word_1_105' title='bbox 824 3257 1143 3340; x_wconf 84' lang='lat' dir='ltr'><strong>Quantum</strong></span> <span class='ocrx_word' id='word_1_106' title='bbox 1179 3258 1260 3326; x_wconf 80' lang='lat' dir='ltr'><strong>sd</strong></span> <span class='ocrx_word' id='word_1_107' title='bbox 1293 3258 1626 3327; x_wconf 84' lang='lat' dir='ltr'><strong>historiam</strong></span> <span class='ocrx_word' id='word_1_108' title='bbox 1662 3261 1957 3346; x_wconf 85' lang='lat' dir='ltr'><strong>pertinet,</strong></span> <span class='ocrx_word' id='word_1_109' title='bbox 1997 3279 2256 3345; x_wconf 82' lang='lat' dir='ltr'><strong>serpens</strong></span> <span class='ocrx_word' id='word_1_110' title='bbox 2292 3265 2518 3327; x_wconf 75' lang='lat' dir='ltr'><strong>natura</strong></span> <span class='ocrx_word' id='word_1_111' title='bbox 2552 3259 2767 3329; x_wconf 77' lang='lat' dir='ltr'><strong>dietus</strong></span> <span class='ocrx_word' id='word_1_112' title='bbox 2805 3265 2927 3342; x_wconf 82' lang='lat' dir='ltr'><strong>est,</strong></span> 
     </span>
     <span class='ocr_line' id='line_1_16' title="bbox 645 3364 3019 3450; baseline 0.001 -18"><span class='ocrx_word' id='word_1_113' title='bbox 645 3364 755 3450; x_wconf 89' lang='lat' dir='ltr'><strong>qui</strong></span> <span class='ocrx_word' id='word_1_114' title='bbox 798 3364 1140 3450; x_wconf 71' lang='lat' dir='ltr'><strong>sapientior</strong></span> <span class='ocrx_word' id='word_1_115' title='bbox 1183 3368 1358 3434; x_wconf 85' lang='lat' dir='ltr'><strong>esset</strong></span> <span class='ocrx_word' id='word_1_116' title='bbox 1401 3365 1630 3433; x_wconf 71' lang='lat' dir='ltr'><strong>ueteris</strong></span> <span class='ocrx_word' id='word_1_117' title='bbox 1665 3365 1914 3446; x_wconf 65' lang='lat' dir='ltr'><strong>buflis,</strong></span> <span class='ocrx_word' id='word_1_118' title='bbox 1953 3384 2111 3450; x_wconf 81' lang='lat' dir='ltr'><strong>quas</strong></span> <span class='ocrx_word' id='word_1_119' title='bbox 2148 3364 2387 3432; x_wconf 75' lang='lat' dir='ltr'><strong>fecorat</strong></span> <span class='ocrx_word' id='word_1_120' title='bbox 2429 3365 2727 3435; x_wconf 79' lang='lat' dir='ltr'><strong>dominus</strong></span> <span class='ocrx_word' id='word_1_121' title='bbox 2765 3366 2927 3434; x_wconf 81' lang='lat' dir='ltr'><strong>dous</strong></span> <span class='ocrx_word' id='word_1_122' title='bbox 2965 3378 3019 3425; x_wconf 68' lang='grc' dir='ltr'><strong>ιδ</strong></span> 
     </span>
     <span class='ocr_line' id='line_1_17' title="bbox 645 3470 2930 3557; baseline 0 -18"><span class='ocrx_word' id='word_1_123' title='bbox 645 3488 835 3556; x_wconf 81' lang='lat' dir='ltr'><strong>super</strong></span> <span class='ocrx_word' id='word_1_124' title='bbox 875 3474 1127 3537; x_wconf 79' lang='lat' dir='ltr'><strong>terram.</strong></span> <span class='ocrx_word' id='word_1_125' title='bbox 1174 3471 1443 3556; x_wconf 84' lang='lat' dir='ltr'><strong>denique</strong></span> <span class='ocrx_word' id='word_1_126' title='bbox 1489 3474 1555 3538; x_wconf 86' lang='lat' dir='ltr'><strong>et</strong></span> <span class='ocrx_word' id='word_1_127' title='bbox 1599 3471 1979 3539; x_wconf 71' lang='lat' dir='ltr'><strong>sententium</strong></span> <span class='ocrx_word' id='word_1_128' title='bbox 2026 3470 2183 3538; x_wconf 80' lang='lat' dir='ltr'><strong>deus</strong></span> <span class='ocrx_word' id='word_1_129' title='bbox 2227 3470 2295 3537; x_wconf 91' lang='lat' dir='ltr'><strong>in</strong></span> <span class='ocrx_word' id='word_1_130' title='bbox 2342 3475 2699 3557; x_wconf 86' lang='lat' dir='ltr'><strong>serpentem</strong></span> <span class='ocrx_word' id='word_1_131' title='bbox 2735 3471 2930 3541; x_wconf 79' lang='lat' dir='ltr'><strong>dedit.</strong></span> 
     </span>
     <span class='ocr_line' id='line_1_18' title="bbox 638 3570 2933 3663; baseline 0.001 -20"><span class='ocrx_word' id='word_1_132' title='bbox 638 3596 785 3644; x_wconf 85' lang='lat' dir='ltr'><strong>nam</strong></span> <span class='ocrx_word' id='word_1_133' title='bbox 822 3575 978 3661; x_wconf 79' lang='lat' dir='ltr'><strong>quid</strong></span> <span class='ocrx_word' id='word_1_134' title='bbox 1012 3570 1244 3643; x_wconf 85' lang='lat' dir='ltr'><strong>mirum</strong></span> <span class='ocrx_word' id='word_1_135' title='bbox 1282 3577 1340 3643; x_wconf 86' lang='lat' dir='ltr'><strong>si</strong></span> <span class='ocrx_word' id='word_1_136' title='bbox 1364 3577 1660 3644; x_wconf 77' lang='lat' dir='ltr'><strong>diabolus</strong></span> <span class='ocrx_word' id='word_1_137' title='bbox 1690 3577 2034 3663; x_wconf 75' lang='lat' dir='ltr'><strong>sapientior</strong></span> <span class='ocrx_word' id='word_1_138' title='bbox 2059 3578 2182 3643; x_wconf 88' lang='lat' dir='ltr'><strong>erit</strong></span> <span class='ocrx_word' id='word_1_139' title='bbox 2214 3577 2463 3656; x_wconf 85' lang='lat' dir='ltr'><strong>bestiis,</strong></span> <span class='ocrx_word' id='word_1_140' title='bbox 2496 3576 2575 3644; x_wconf 80' lang='lat' dir='ltr'><strong>de</strong></span> <span class='ocrx_word' id='word_1_141' title='bbox 2613 3597 2742 3663; x_wconf 86' lang='lat' dir='ltr'><strong>quo</strong></span> <span class='ocrx_word' id='word_1_142' title='bbox 2770 3579 2933 3646; x_wconf 78' lang='lat' dir='ltr'><strong>dicit</strong></span> 
     </span>
     <span class='ocr_line' id='line_1_19' title="bbox 636 3681 2929 3768; baseline 0.001 -20"><span class='ocrx_word' id='word_1_143' title='bbox 636 3684 966 3768; x_wconf 77' lang='lat' dir='ltr'><strong>apostolus</strong></span> <span class='ocrx_word' id='word_1_144' title='bbox 1002 3681 1166 3749; x_wconf 77' lang='lat' dir='ltr'><strong>inter</strong></span> <span class='ocrx_word' id='word_1_145' title='bbox 1201 3685 1439 3749; x_wconf 79' lang='lat' dir='ltr'><strong>cetera:</strong></span> <span class='ocrx_word' id='word_1_146' title='bbox 1479 3701 1565 3748; x_wconf 78' lang='lat' dir='ltr'><strong>an</strong></span> <span class='ocrx_word' id='word_1_147' title='bbox 1612 3682 1991 3768; x_wconf 76' lang='lat' dir='ltr'><strong>ignoratis</strong></span> <span class='ocrx_word' id='word_1_148' title='bbox 2036 3681 2523 3751; x_wconf 74' lang='lat' dir='ltr'><strong>altitudinem</strong></span> <span class='ocrx_word' id='word_1_149' title='bbox 2572 3687 2929 3752; x_wconf 71' lang='lat' dir='ltr'><strong>satanae?</strong></span> 
     </span>
     <span class='ocr_line' id='line_1_20' title="bbox 636 3785 2932 3876; baseline 0.001 -22"><span class='ocrx_word' id='word_1_150' title='bbox 636 3806 841 3872; x_wconf 85' lang='lat' dir='ltr'><strong>usque</strong></span> <span class='ocrx_word' id='word_1_151' title='bbox 879 3785 1038 3855; x_wconf 80' lang='lat' dir='ltr'><strong>adeo</strong></span> <span class='ocrx_word' id='word_1_152' title='bbox 1075 3791 1290 3855; x_wconf 80' lang='lat' dir='ltr'><strong>autem</strong></span> <span class='ocrx_word' id='word_1_153' title='bbox 1325 3794 1551 3855; x_wconf 84' lang='lat' dir='ltr'><strong>natura</strong></span> <span class='ocrx_word' id='word_1_154' title='bbox 1589 3807 1849 3873; x_wconf 83' lang='lat' dir='ltr'><strong>serpens</strong></span> <span class='ocrx_word' id='word_1_155' title='bbox 1888 3789 2034 3870; x_wconf 76' lang='lat' dir='ltr'><strong>fuit,</strong></span> <span class='ocrx_word' id='word_1_156' title='bbox 2070 3793 2147 3855; x_wconf 91' lang='lat' dir='ltr'><strong>ut</strong></span> <span class='ocrx_word' id='word_1_157' title='bbox 2181 3787 2499 3856; x_wconf 81' lang='lat' dir='ltr'><strong>dioeretur</strong></span> <span class='ocrx_word' id='word_1_158' title='bbox 2531 3789 2662 3857; x_wconf 81' lang='lat' dir='ltr'><strong>illi:</strong></span> <span class='ocrx_word' id='word_1_159' title='bbox 2702 3809 2932 3876; x_wconf 77' lang='lat' dir='ltr'><strong>supra</strong></span> 
     </span>
     <span class='ocr_line' id='line_1_21' title="bbox 634 3894 3016 3980; baseline 0.001 -20"><span class='ocrx_word' id='word_1_160' title='bbox 634 3896 909 3980; x_wconf 73' lang='lat' dir='ltr'><strong>pectus</strong></span> <span class='ocrx_word' id='word_1_161' title='bbox 956 3896 1030 3960; x_wconf 85' lang='lat' dir='ltr'><strong>et</strong></span> <span class='ocrx_word' id='word_1_162' title='bbox 1074 3896 1416 3960; x_wconf 81' lang='lat' dir='ltr'><strong>uentrem</strong></span> <span class='ocrx_word' id='word_1_163' title='bbox 1463 3899 1673 3961; x_wconf 87' lang='lat' dir='ltr'><strong>tuum</strong></span> <span class='ocrx_word' id='word_1_164' title='bbox 1722 3912 1940 3980; x_wconf 79' lang='lat' dir='ltr'><strong>repes</strong></span> <span class='ocrx_word' id='word_1_165' title='bbox 2001 3896 2079 3960; x_wconf 85' lang='lat' dir='ltr'><strong>et</strong></span> <span class='ocrx_word' id='word_1_166' title='bbox 2131 3896 2405 3961; x_wconf 78' lang='lat' dir='ltr'><strong>terram</strong></span> <span class='ocrx_word' id='word_1_167' title='bbox 2461 3894 2637 3961; x_wconf 84' lang='lat' dir='ltr'><strong>edes</strong></span> <span class='ocrx_word' id='word_1_168' title='bbox 2695 3897 2928 3963; x_wconf 89' lang='lat' dir='ltr'><strong>omni·</strong></span> <span class='ocrx_word' id='word_1_169' title='bbox 2960 3905 3016 3951; x_wconf 78' lang='lat'><strong>¹⁰</strong></span> 
     </span>
     <span class='ocr_line' id='line_1_22' title="bbox 633 3998 2926 4086; baseline 0.001 -21"><span class='ocrx_word' id='word_1_170' title='bbox 633 3998 779 4065; x_wconf 82' lang='lat' dir='ltr'><strong>bns</strong></span> <span class='ocrx_word' id='word_1_171' title='bbox 851 3998 1121 4066; x_wconf 78' lang='lat' dir='ltr'><strong>diebus</strong></span> <span class='ocrx_word' id='word_1_172' title='bbox 1193 4000 1404 4066; x_wconf 82' lang='lat' dir='ltr'><strong>uitae</strong></span> <span class='ocrx_word' id='word_1_173' title='bbox 1480 4004 1676 4067; x_wconf 75' lang='lat' dir='ltr'><strong>tuae.</strong></span> <span class='ocrx_word' id='word_1_174' title='bbox 1749 4002 1907 4068; x_wconf 84' lang='lat' dir='ltr'><strong>hseo</strong></span> <span class='ocrx_word' id='word_1_175' title='bbox 1979 4001 2167 4086; x_wconf 78' lang='lat' dir='ltr'><strong>longe</strong></span> <span class='ocrx_word' id='word_1_176' title='bbox 2239 4002 2393 4067; x_wconf 85' lang='lat' dir='ltr'><strong>sunt</strong></span> <span class='ocrx_word' id='word_1_177' title='bbox 2462 4018 2504 4066; x_wconf 92' lang='lat' dir='ltr'><strong>a</strong></span> <span class='ocrx_word' id='word_1_178' title='bbox 2565 4000 2926 4068; x_wconf 82' lang='lat' dir='ltr'><strong>oonditione</strong></span> 
     </span>
     <span class='ocr_line' id='line_1_23' title="bbox 635 4105 2926 4191; baseline 0.002 -21"><span class='ocrx_word' id='word_1_179' title='bbox 635 4105 913 4182; x_wconf 67' lang='lat' dir='ltr'><strong>satanae,</strong></span> <span class='ocrx_word' id='word_1_180' title='bbox 997 4105 1149 4189; x_wconf 82' lang='lat' dir='ltr'><strong>quis</strong></span> <span class='ocrx_word' id='word_1_181' title='bbox 1218 4123 1422 4189; x_wconf 86' lang='lat' dir='ltr'><strong>neque</strong></span> <span class='ocrx_word' id='word_1_182' title='bbox 1495 4124 1836 4190; x_wconf 82' lang='lat' dir='ltr'><strong>corporeus</strong></span> <span class='ocrx_word' id='word_1_183' title='bbox 1910 4108 2010 4172; x_wconf 87' lang='lat' dir='ltr'><strong>est</strong></span> <span class='ocrx_word' id='word_1_184' title='bbox 2072 4124 2275 4191; x_wconf 82' lang='lat' dir='ltr'><strong>neque</strong></span> <span class='ocrx_word' id='word_1_185' title='bbox 2346 4106 2656 4174; x_wconf 86' lang='lat' dir='ltr'><strong>mortalis.</strong></span> <span class='ocrx_word' id='word_1_186' title='bbox 2735 4111 2806 4173; x_wconf 85' lang='lat' dir='ltr'><strong>et</strong></span> <span class='ocrx_word' id='word_1_187' title='bbox 2866 4107 2926 4174; x_wconf 85' lang='lat' dir='ltr'><strong>si</strong></span> 
     </span>
     <span class='ocr_line' id='line_1_24' title="bbox 636 4209 2923 4304; baseline 0.002 -31"><span class='ocrx_word' id='word_1_188' title='bbox 636 4209 899 4293; x_wconf 84' lang='lat' dir='ltr'><strong>propius</strong></span> <span class='ocrx_word' id='word_1_189' title='bbox 973 4209 1339 4295; x_wconf 80' lang='lat' dir='ltr'><strong>aspiciatur,</strong></span> <span class='ocrx_word' id='word_1_190' title='bbox 1412 4210 1737 4304; x_wconf 82' lang='lat' dir='ltr'><strong>uidebitur</strong></span> <span class='ocrx_word' id='word_1_191' title='bbox 1798 4210 2111 4278; x_wconf 83' lang='lat' dir='ltr'><strong>sententia</strong></span> <span class='ocrx_word' id='word_1_192' title='bbox 2183 4212 2331 4277; x_wconf 77' lang='lat' dir='ltr'><strong>dats</strong></span> <span class='ocrx_word' id='word_1_193' title='bbox 2402 4211 2558 4277; x_wconf 87' lang='lat' dir='ltr'><strong>nihil</strong></span> <span class='ocrx_word' id='word_1_194' title='bbox 2634 4213 2923 4279; x_wconf 79' lang='lat' dir='ltr'><strong>obfuisse</strong></span> 
     </span>
     <span class='ocr_line' id='line_1_25' title="bbox 635 4314 2921 4402; baseline 0.003 -23"><span class='ocrx_word' id='word_1_195' title='bbox 635 4314 934 4400; x_wconf 77' lang='lat' dir='ltr'><strong>serpenti,</strong></span> <span class='ocrx_word' id='word_1_196' title='bbox 980 4314 1094 4381; x_wconf 85' lang='lat' dir='ltr'><strong>sed</strong></span> <span class='ocrx_word' id='word_1_197' title='bbox 1137 4315 1202 4381; x_wconf 93' lang='lat' dir='ltr'><strong>in</strong></span> <span class='ocrx_word' id='word_1_198' title='bbox 1250 4334 1347 4395; x_wconf 80' lang='lat' dir='ltr'><strong>eo,</strong></span> <span class='ocrx_word' id='word_1_199' title='bbox 1393 4316 1459 4381; x_wconf 90' lang='lat' dir='ltr'><strong>in</strong></span> <span class='ocrx_word' id='word_1_200' title='bbox 1506 4334 1633 4400; x_wconf 85' lang='lat' dir='ltr'><strong>quo</strong></span> <span class='ocrx_word' id='word_1_201' title='bbox 1689 4317 1902 4384; x_wconf 75' lang='lat' dir='ltr'><strong>factus</strong></span> <span class='ocrx_word' id='word_1_202' title='bbox 1958 4320 2077 4396; x_wconf 83' lang='lat' dir='ltr'><strong>est,</strong></span> <span class='ocrx_word' id='word_1_203' title='bbox 2125 4317 2343 4384; x_wconf 86' lang='lat' dir='ltr'><strong>iussus</strong></span> <span class='ocrx_word' id='word_1_204' title='bbox 2387 4321 2490 4384; x_wconf 85' lang='lat' dir='ltr'><strong>est</strong></span> <span class='ocrx_word' id='word_1_205' title='bbox 2533 4336 2921 4402; x_wconf 73' lang='lat' dir='ltr'><strong>permanere.</strong></span> 
     </span>
    </p>
   </div>
   <div class='ocr_carea' id='block_1_6' title="bbox 634 4591 2921 4752">
    <p class='ocr_par' dir='ltr' id='par_1_6' title="bbox 634 4591 2921 4752">
     <span class='ocr_line' id='line_1_26' title="bbox 813 4591 2921 4665; baseline 0.003 -19"><span class='ocrx_word' id='word_1_206' title='bbox 813 4591 849 4646; x_wconf 80' lang='lat'><em>8</em></span> <span class='ocrx_word' id='word_1_207' title='bbox 885 4591 1029 4647; x_wconf 73' lang='lat' dir='ltr'><strong>Enni.</strong></span> <span class='ocrx_word' id='word_1_208' title='bbox 1064 4591 1153 4656; x_wconf 81' lang='grc'><strong>48,</strong></span> <span class='ocrx_word' id='word_1_209' title='bbox 1189 4592 1261 4647; x_wconf 80' lang='grc'><strong>26</strong></span> <span class='ocrx_word' id='word_1_210' title='bbox 1385 4593 1421 4647; x_wconf 89' lang='grc'><strong>4</strong></span> <span class='ocrx_word' id='word_1_211' title='bbox 1455 4592 1616 4649; x_wconf 81' lang='lat' dir='ltr'><strong>Pron.</strong></span> <span class='ocrx_word' id='word_1_212' title='bbox 1659 4594 1743 4657; x_wconf 85' lang='lat'><strong>18,</strong></span> <span class='ocrx_word' id='word_1_213' title='bbox 1785 4593 1849 4648; x_wconf 78' lang='lat'><strong>1⁷</strong></span> <span class='ocrx_word' id='word_1_214' title='bbox 1980 4594 2065 4649; x_wconf 91' lang='lat'><strong>11.</strong></span> <span class='ocrx_word' id='word_1_215' title='bbox 2105 4594 2171 4650; x_wconf 83' lang='lat'><strong>15</strong></span> <span class='ocrx_word' id='word_1_216' title='bbox 2209 4593 2275 4653; x_wconf 71' lang='lat' dir='ltr'><strong>ef.</strong></span> <span class='ocrx_word' id='word_1_217' title='bbox 2313 4593 2449 4651; x_wconf 82' lang='lat' dir='ltr'><strong>Gen.</strong></span> <span class='ocrx_word' id='word_1_218' title='bbox 2485 4595 2538 4665; x_wconf 78' lang='lat'><strong>8,</strong></span> <span class='ocrx_word' id='word_1_219' title='bbox 2577 4595 2604 4651; x_wconf 86' lang='lat'>1</span> <span class='ocrx_word' id='word_1_220' title='bbox 2750 4594 2818 4652; x_wconf 83' lang='lat'><strong>18</strong></span> <span class='ocrx_word' id='word_1_221' title='bbox 2853 4594 2921 4652; x_wconf 69' lang='lat' dir='ltr'><strong>d.</strong></span> 
     </span>
     <span class='ocr_line' id='line_1_27' title="bbox 634 4677 2092 4752; baseline 0.003 -18"><span class='ocrx_word' id='word_1_222' title='bbox 634 4677 693 4734; x_wconf 90' lang='lat'><strong>11</strong></span> <span class='ocrx_word' id='word_1_223' title='bbox 729 4678 850 4736; x_wconf 84' lang='lat' dir='ltr'><strong>Cor.</strong></span> <span class='ocrx_word' id='word_1_224' title='bbox 887 4677 941 4745; x_wconf 79' lang='lat'><strong>2,</strong></span> <span class='ocrx_word' id='word_1_225' title='bbox 980 4680 1044 4735; x_wconf 92' lang='lat'><strong>11</strong></span> <span class='ocrx_word' id='word_1_226' title='bbox 1083 4684 1143 4736; x_wconf 82' lang='lat' dir='ltr'><strong>et</strong></span> <span class='ocrx_word' id='word_1_227' title='bbox 1175 4681 1347 4752; x_wconf 82' lang='lat' dir='ltr'><strong>Apoe.</strong></span> <span class='ocrx_word' id='word_1_228' title='bbox 1382 4681 1435 4747; x_wconf 84' lang='grc'><strong>2,</strong></span> <span class='ocrx_word' id='word_1_229' title='bbox 1472 4683 1545 4736; x_wconf 86' lang='grc'><strong>24</strong></span> <span class='ocrx_word' id='word_1_230' title='bbox 1656 4683 1722 4738; x_wconf 81' lang='grc'><strong>19</strong></span> <span class='ocrx_word' id='word_1_231' title='bbox 1759 4681 1894 4738; x_wconf 79' lang='lat' dir='ltr'><strong>Gen.</strong></span> <span class='ocrx_word' id='word_1_232' title='bbox 1930 4682 1984 4751; x_wconf 81' lang='lat'><strong>8,</strong></span> <span class='ocrx_word' id='word_1_233' title='bbox 2024 4683 2092 4738; x_wconf 82' lang='grc'><strong>14</strong></span> 
     </span>
    </p>
   </div>
   <div class='ocr_carea' id='block_1_7' title="bbox 631 4853 2931 5456">
    <p class='ocr_par' dir='ltr' id='par_1_7' title="bbox 631 4853 2931 5456">
     <span class='ocr_line' id='line_1_28' title="bbox 706 4853 2923 4933; baseline 0.002 -24"><span class='ocrx_word' id='word_1_234' title='bbox 706 4856 737 4909; x_wconf 92' lang='lat'>1</span> <span class='ocrx_word' id='word_1_235' title='bbox 774 4853 1149 4926; x_wconf 81' lang='lat' dir='ltr'><strong>pronuntiatis</strong></span> <span class='ocrx_word' id='word_1_236' title='bbox 1183 4854 1248 4909; x_wconf 80' lang='lat' dir='ltr'><em>X</em></span> <span class='ocrx_word' id='word_1_237' title='bbox 1401 4855 1439 4910; x_wconf 82' lang='grc'><strong>4</strong></span> <span class='ocrx_word' id='word_1_238' title='bbox 1483 4872 1591 4911; x_wconf 90' lang='lat' dir='ltr'><strong>non</strong></span> <span class='ocrx_word' id='word_1_239' title='bbox 1636 4856 1908 4926; x_wconf 72' lang='lat' dir='ltr'><strong>eoactum]</strong></span> <span class='ocrx_word' id='word_1_240' title='bbox 1952 4857 2261 4914; x_wconf 78' lang='lat' dir='ltr'><strong>inooaetmn</strong></span> <span class='ocrx_word' id='word_1_241' title='bbox 2294 4856 2362 4912; x_wconf 74' lang='lat' dir='ltr'><strong><em>N</em></strong></span> <span class='ocrx_word' id='word_1_242' title='bbox 2389 4859 2513 4928; x_wconf 71' lang='lat' dir='ltr'><strong>(alt.</strong></span> <span class='ocrx_word' id='word_1_243' title='bbox 2550 4876 2582 4915; x_wconf 81' lang='lat' dir='ltr'><strong>e</strong></span> <span class='ocrx_word' id='word_1_244' title='bbox 2613 4876 2659 4914; x_wconf 74' lang='lat' dir='ltr'><strong>e.</strong></span> <span class='ocrx_word' id='word_1_245' title='bbox 2698 4859 2778 4933; x_wconf 84' lang='lat'>1.),</span> <span class='ocrx_word' id='word_1_246' title='bbox 2811 4858 2923 4916; x_wconf 78' lang='lat' dir='ltr'><strong>FB</strong></span> 
     </span>
     <span class='ocr_line' id='line_1_29' title="bbox 635 4940 2926 5018; baseline 0.003 -22"><span class='ocrx_word' id='word_1_247' title='bbox 635 4940 671 4997; x_wconf 87' lang='grc'><strong>8</strong></span> <span class='ocrx_word' id='word_1_248' title='bbox 705 4941 917 4996; x_wconf 73' lang='lat' dir='ltr'><strong>aentui</strong></span> <span class='ocrx_word' id='word_1_249' title='bbox 947 4941 1023 4996; x_wconf 73' lang='grc' dir='ltr'><em>Μ</em></span> <span class='ocrx_word' id='word_1_250' title='bbox 1136 4945 1518 4998; x_wconf 74' lang='lat' dir='ltr'><strong>catecumenus</strong></span> <span class='ocrx_word' id='word_1_251' title='bbox 1552 4942 1610 4998; x_wconf 86' lang='lat' dir='ltr'><strong><em>P</em></strong></span> <span class='ocrx_word' id='word_1_252' title='bbox 1639 4943 2057 5001; x_wconf 63' lang='lat' dir='ltr'><strong>cathecumenus</strong></span> <span class='ocrx_word' id='word_1_253' title='bbox 2090 4947 2149 5014; x_wconf 83' lang='lat' dir='ltr'><strong>(a</strong></span> <span class='ocrx_word' id='word_1_254' title='bbox 2183 4945 2284 5004; x_wconf 73' lang='lat' dir='ltr'><strong>eu.</strong></span> <span class='ocrx_word' id='word_1_255' title='bbox 2306 4945 2452 5015; x_wconf 71' lang='lat' dir='ltr'><strong>sort.</strong></span> <span class='ocrx_word' id='word_1_256' title='bbox 2488 4961 2629 5003; x_wconf 74' lang='grc' dir='ltr'><strong><em>οοη.</em></strong></span> <span class='ocrx_word' id='word_1_257' title='bbox 2655 4947 2724 5003; x_wconf 77' lang='lat' dir='ltr'><strong>s’ss</strong></span> <span class='ocrx_word' id='word_1_258' title='bbox 2755 4949 2818 5018; x_wconf 89' lang='lat' dir='ltr'><strong>n)</strong></span> <span class='ocrx_word' id='word_1_259' title='bbox 2850 4948 2926 5003; x_wconf 73' lang='grc' dir='ltr'><em>Μ</em></span> 
     </span>
     <span class='ocr_line' id='line_1_30' title="bbox 634 5028 2922 5108; baseline 0.005 -24"><span class='ocrx_word' id='word_1_260' title='bbox 634 5028 1619 5087; x_wconf 72' lang='lat' dir='ltr'><strong>eateeliurninusoeationminusx</strong></span> <span class='ocrx_word' id='word_1_261' title='bbox 1722 5031 2001 5103; x_wconf 78' lang='lat' dir='ltr'><strong>utletN</strong></span> <span class='ocrx_word' id='word_1_262' title='bbox 2090 5033 2446 5092; x_wconf 66' lang='lat' dir='ltr'><strong>senium</strong></span> <span class='ocrx_word' id='word_1_263' title='bbox 2488 5033 2539 5091; x_wconf 85' lang='grc'><em>0</em></span> <span class='ocrx_word' id='word_1_264' title='bbox 2623 5034 2922 5108; x_wconf 76' lang='lat' dir='ltr'><strong>lopeeoa-</strong></span> 
     </span>
     <span class='ocr_line' id='line_1_31' title="bbox 633 5116 2921 5195; baseline 0.003 -22"><span class='ocrx_word' id='word_1_265' title='bbox 633 5121 812 5174; x_wconf 81' lang='lat' dir='ltr'><strong>torum</strong></span> <span class='ocrx_word' id='word_1_266' title='bbox 853 5116 904 5174; x_wconf 85' lang='lat'><em>0</em></span> <span class='ocrx_word' id='word_1_267' title='bbox 1006 5118 1070 5174; x_wconf 88' lang='lat'><strong>11</strong></span> <span class='ocrx_word' id='word_1_268' title='bbox 1108 5118 1330 5174; x_wconf 81' lang='lat' dir='ltr'><strong>mulieri</strong></span> <span class='ocrx_word' id='word_1_269' title='bbox 1369 5119 1421 5176; x_wconf 82' lang='grc'><em>0</em></span> <span class='ocrx_word' id='word_1_270' title='bbox 1553 5119 1865 5192; x_wconf 80' lang='lat' dir='ltr'><strong>loquntneit</strong></span> <span class='ocrx_word' id='word_1_271' title='bbox 1895 5121 1975 5176; x_wconf 74' lang='grc' dir='ltr'><strong><em>Π</em></strong></span> <span class='ocrx_word' id='word_1_272' title='bbox 2092 5121 2162 5176; x_wconf 85' lang='grc'><strong>12</strong></span> <span class='ocrx_word' id='word_1_273' title='bbox 2196 5119 2531 5178; x_wconf 76' lang='lat' dir='ltr'><strong>dietudiotus</strong></span> <span class='ocrx_word' id='word_1_274' title='bbox 2564 5126 2710 5195; x_wconf 60' lang='lat' dir='ltr'><strong>(Q.</strong></span> <span class='ocrx_word' id='word_1_275' title='bbox 2745 5122 2921 5192; x_wconf 75' lang='lat' dir='ltr'><strong>(lietu)</strong></span> 
     </span>
     <span class='ocr_line' id='line_1_32' title="bbox 631 5202 2929 5283; baseline 0.004 -23"><span class='ocrx_word' id='word_1_276' title='bbox 631 5202 702 5260; x_wconf 69' lang='lat' dir='ltr'><strong><em>N</em></strong></span> <span class='ocrx_word' id='word_1_277' title='bbox 803 5204 871 5262; x_wconf 81' lang='lat' dir='ltr'><strong>le</strong></span> <span class='ocrx_word' id='word_1_278' title='bbox 907 5208 966 5260; x_wconf 90' lang='lat' dir='ltr'><strong>et</strong></span> <span class='ocrx_word' id='word_1_279' title='bbox 998 5221 1103 5262; x_wconf 68' lang='lat' dir='ltr'><strong>om.</strong></span> <span class='ocrx_word' id='word_1_280' title='bbox 1145 5204 1196 5260; x_wconf 82' lang='lat'><em>0</em></span> <span class='ocrx_word' id='word_1_281' title='bbox 1384 5208 1661 5262; x_wconf 65' lang='lat' dir='ltr'><strong>muntia</strong></span> <span class='ocrx_word' id='word_1_282' title='bbox 1696 5206 1810 5264; x_wconf 75' lang='lat' dir='ltr'><strong>FO</strong></span> <span class='ocrx_word' id='word_1_283' title='bbox 1929 5209 1995 5263; x_wconf 77' lang='lat'><strong>1⁷</strong></span> <span class='ocrx_word' id='word_1_284' title='bbox 2035 5211 2156 5264; x_wconf 85' lang='lat' dir='ltr'><strong>erat</strong></span> <span class='ocrx_word' id='word_1_285' title='bbox 2188 5207 2309 5266; x_wconf 75' lang='grc' dir='ltr'><strong>ΡΝ</strong></span> <span class='ocrx_word' id='word_1_286' title='bbox 2425 5210 2494 5267; x_wconf 87' lang='grc'><strong>18</strong></span> <span class='ocrx_word' id='word_1_287' title='bbox 2528 5212 2838 5283; x_wconf 68' lang='lat' dir='ltr'><strong>ignorenfle</strong></span> <span class='ocrx_word' id='word_1_288' title='bbox 2878 5212 2929 5270; x_wconf 85' lang='lat'><em>0</em></span> 
     </span>
     <span class='ocr_line' id='line_1_33' title="bbox 633 5293 2931 5373; baseline 0.005 -26"><span class='ocrx_word' id='word_1_289' title='bbox 633 5293 952 5365; x_wconf 66' lang='lat' dir='ltr'><strong>ignorantes</strong></span> <span class='ocrx_word' id='word_1_290' title='bbox 986 5293 1051 5348; x_wconf 80' lang='lat' dir='ltr'><em>X</em></span> <span class='ocrx_word' id='word_1_291' title='bbox 1211 5294 1278 5351; x_wconf 75' lang='lat'><strong>10</strong></span> <span class='ocrx_word' id='word_1_292' title='bbox 1311 5310 1478 5366; x_wconf 81' lang='lat' dir='ltr'><strong>snper</strong></span> <span class='ocrx_word' id='word_1_293' title='bbox 1514 5295 1624 5351; x_wconf 77' lang='grc' dir='ltr'><strong>ΟΔ</strong></span> <span class='ocrx_word' id='word_1_294' title='bbox 1785 5295 1857 5352; x_wconf 86' lang='grc'><strong>20</strong></span> <span class='ocrx_word' id='word_1_295' title='bbox 1892 5313 2049 5369; x_wconf 84' lang='lat' dir='ltr'><strong>repes</strong></span> <span class='ocrx_word' id='word_1_296' title='bbox 2084 5299 2161 5370; x_wconf 84' lang='lat' dir='ltr'><strong>etl</strong></span> <span class='ocrx_word' id='word_1_297' title='bbox 2196 5299 2471 5370; x_wconf 81' lang='lat' dir='ltr'><strong>reppieset</strong></span> <span class='ocrx_word' id='word_1_298' title='bbox 2508 5299 2559 5357; x_wconf 85' lang='lat'><em>0</em></span> <span class='ocrx_word' id='word_1_299' title='bbox 2586 5300 2735 5373; x_wconf 77' lang='lat' dir='ltr'><strong>repis</strong></span> <span class='ocrx_word' id='word_1_300' title='bbox 2771 5303 2833 5358; x_wconf 83' lang='lat' dir='ltr'><strong>et</strong></span> <span class='ocrx_word' id='word_1_301' title='bbox 2862 5302 2931 5359; x_wconf 74' lang='lat' dir='ltr'><strong><em>N</em></strong></span> 
     </span>
     <span class='ocr_line' id='line_1_34' title="bbox 632 5381 2437 5456; baseline 0.004 -20"><span class='ocrx_word' id='word_1_302' title='bbox 632 5384 835 5453; x_wconf 71' lang='lat' dir='ltr'><strong>(eom),</strong></span> <span class='ocrx_word' id='word_1_303' title='bbox 868 5381 980 5438; x_wconf 68' lang='lat' dir='ltr'>m</span> <span class='ocrx_word' id='word_1_304' title='bbox 1083 5383 1155 5439; x_wconf 83' lang='grc'><strong>28</strong></span> <span class='ocrx_word' id='word_1_305' title='bbox 1191 5383 1440 5454; x_wconf 81' lang='lat' dir='ltr'><strong>proprius</strong></span> <span class='ocrx_word' id='word_1_306' title='bbox 1475 5383 1663 5441; x_wconf 73' lang='lat' dir='ltr'><strong>mm</strong></span> <span class='ocrx_word' id='word_1_307' title='bbox 1689 5385 1839 5456; x_wconf 84' lang='lat' dir='ltr'><strong>prius</strong></span> <span class='ocrx_word' id='word_1_308' title='bbox 1874 5385 1939 5440; x_wconf 80' lang='lat' dir='ltr'><em>X</em></span> <span class='ocrx_word' id='word_1_309' title='bbox 2041 5387 2114 5444; x_wconf 87' lang='grc'><strong>24</strong></span> <span class='ocrx_word' id='word_1_310' title='bbox 2147 5388 2326 5443; x_wconf 81' lang='lat' dir='ltr'><strong>iustus</strong></span> <span class='ocrx_word' id='word_1_311' title='bbox 2359 5386 2437 5444; x_wconf 71' lang='grc' dir='ltr'><em>Π</em></span> 
     </span>
    </p>
   </div>
  </div>
 </body>
</html>
