3275 6434
228 1199 290 1263 168
626 1195 725 1252 biber
743 1195 978 1268 qusestlonura

225 1389 407 1457 dominus.
431 1409 530 1457 unum
553 1390 637 1458 enirn
660 1390 744 1457 diem
766 1390 851 1472 lecit,
873 1410 910 1457 ex
933 1381 995 1474 quo
1015 1393 1112 1459 ceteri
1130 1392 1290 1458 connects
1306 1411 1372 1459 sor·

225 1496 368 1563 tirentur.
390 1514 427 1562 ac
449 1516 506 1581 per
527 1497 588 1564 boc
610 1496 682 1582 ipsa
703 1496 754 1563 die
777 1496 948 1564 resurrexit
970 1516 1064 1581 quarn
1091 1497 1171 1564 fecit
1197 1501 1231 1564 st
1259 1516 1371 1564 secun·

228 1601 304 1668 dum
331 1622 497 1669 numerum
525 1622 623 1687 supra
649 1602 753 1670 dictes
785 1603 917 1670 rationis
948 1605 1021 1687 ipss
1051 1602 1103 1670 die
1136 1607 1170 1670 st
1199 1604 1232 1670 in
1261 1609 1372 1670 monte

226 1708 303 1774 Sine
323 1709 428 1794 legem
451 1710 541 1776 dedit
561 1728 618 1793 per
639 1708 796 1777 famulum
814 1728 908 1775 suum
931 1710 1075 1795 llopsen.
1097 1714 1135 1777 ιιι
1157 1710 1244 1777 sicut
1268 1729 1373 1796 eguus

226 1815 328 1900 ligura
339 1816 497 1899 passionis
516 1815 635 1881 donnini
653 1815 717 1882 luit
734 1816 767 1881 in
785 1820 982 1883 sacramento
1004 1815 1153 1900 psscbse,
1171 1816 1219 1882 ita
1237 1819 1271 1883 et
1286 1816 1371 1901 legis
1401 1833 1417 1876 ι

226 1920 312 1988 detio
349 1922 551 2007 euangelicos
587 1921 841 2006 praedicationis,
884 1924 958 2006 quis
1001 1922 1112 1989 eodem
1152 1921 1214 2000 die,
1251 1920 1286 1987 id
1322 1923 1374 1987 est

226 2031 441 2109 pentecosten,
468 2027 518 2094 les
540 2028 615 2094 deta
637 2032 697 2110 est,
721 2048 783 2112 quo
813 2030 847 2095 et
873 2028 1005 2112 spiritus
1034 2031 1164 2096 sauctus
1193 2027 1314 2095 decidit
1338 2026 1372 2092 in

227 2132 409 2216 discipulos,
437 2137 475 2198 ut
502 2135 724 2201 auctoritstem
751 2139 900 2220 ceperant
930 2153 966 2200 sc
1002 2135 1119 2201 scirent
1149 2133 1373 2219 euangelicum

227 2241 278 2305 ius
310 2240 499 2322 praedicare.
529 2240 614 2325 quod
643 2240 763 2306 sectum
794 2240 914 2324 duplici
944 2241 1128 2307 testimonio
1158 2239 1373 2317 confirmetur,

228 2345 303 2430 quis
325 2349 358 2412 et
380 2345 650 2430 praedestinatum
673 2346 853 2412 ostenditur
875 2351 907 2412 st
929 2346 1098 2413 menitests
1116 2345 1249 2430 spiritus
1269 2345 1374 2411 sancti
1391 2362 1417 2406 ro

227 2451 386 2519 infusione
422 2452 565 2519 diuinum
602 2456 636 2518 et
667 2453 899 2538 supercoeleste
930 2452 1095 2537 probatum
1127 2450 1255 2535 inperiti
1289 2452 1374 2517 enisu

228 2558 365 2625 diuersis
387 2559 507 2645 linguis
530 2559 689 2645 magnalis
711 2558 763 2625 dei
784 2559 1007 2643 loquebantur.

273 2666 305 2729 3.
342 2664 434 2730 Filiis
471 2684 546 2752 ergo
578 2666 700 2736 Israhel
731 2666 826 2733 tertio
863 2664 913 2730 die
945 2664 1066 2732 mensis
1098 2662 1184 2731 tertii
1216 2662 1292 2729 date
1324 2664 1376 2727 est

229 2771 278 2836 lex
309 2789 365 2855 per
396 2771 540 2856 Moyseo,
572 2773 659 2837 sicut
688 2772 721 2836 in
752 2771 834 2838 libro
866 2771 965 2837 Exodi
997 2771 1184 2849 continetur,
1218 2770 1272 2853 qui
1305 2767 1375 2834 dies

230 2896 249 2941 a
280 2880 392 2958 qumis
423 2876 547 2944 decime
573 2879 692 2944 mensis
719 2879 824 2962 primi,
852 2897 915 2961 quo
948 2877 998 2943 die
1029 2878 1150 2943 iactum
1179 2879 1230 2942 est
1256 2874 1375 2961 pescha
1394 2895 1419 2939 ιι

229 2982 260 3045 in
283 2982 441 3068 Aegypto,
471 2983 774 3068 quinquagensimus
803 2987 864 3062 ost,
891 2983 952 3049 hoo
975 2985 1025 3048 est
1050 2984 1266 3067 pentecosten.
1291 2980 1376 3047 unde

229 3089 349 3154 tactum
381 3093 441 3167 est,
473 3093 512 3156 ut
542 3088 581 3154 ad
611 3089 717 3174 legem
745 3088 818 3155 odei
842 3089 1080 3172 praedicandsm
1108 3089 1140 3152 in
1167 3091 1376 3171 pentecosten

230 3195 362 3277 spiritus
389 3198 519 3262 sanctus
547 3195 753 3262 descenderet
782 3195 814 3261 in
843 3194 1014 3278 apostolos,
1042 3197 1078 3258 ut
1106 3195 1196 3277 gestu
1228 3194 1376 3258 ueterum

229 3301 408 3369 futororum
436 3303 593 3387 imagines
621 3303 810 3368 haberentur
834 3301 874 3368 ad
901 3301 1107 3367 senonensem
1130 3298 1204 3364 fidei
1234 3300 1375 3372 nostrae,

231 3408 306 3491 quia
336 3408 452 3473 falsum
483 3409 585 3474 uideri
617 3427 678 3474 non
711 3412 818 3492 potest
850 3407 935 3492 quod
967 3406 1006 3471 eb
1037 3404 1129 3471 initio
1156 3403 1375 3489 praedicatum
1393 3424 1420 3467 eo

231 3518 291 3581 est.
326 3514 398 3581 ideo
434 3515 631 3581 remissionis
668 3518 702 3581 et
731 3512 965 3580 reformationis
997 3516 1125 3596 tempus
1157 3512 1189 3577 in
1222 3509 1377 3594 quinquo·

231 3621 373 3706 geneimo
406 3621 529 3704 psalmo
562 3621 760 3698 describitur,
793 3626 830 3686 ut
856 3618 965 3686 eadem
992 3617 1192 3702 prouidentia
1224 3617 1378 3701 quinqua·

231 3727 368 3812 geosimi
401 3727 474 3806 diei,
507 3747 587 3811 quae
620 3731 652 3793 et
683 3727 776 3810 primi
808 3729 869 3805 est,
902 3725 1045 3791 sciretur.
1074 3723 1149 3789 binc
1176 3722 1297 3788 fectum
1327 3725 1378 3788 est

232 3839 269 3897 ot
291 3837 322 3898 et
345 3852 458 3899 menna
480 3834 581 3917 primo
604 3834 666 3912 die,
699 3833 753 3917 qui
781 3836 832 3898 est
858 3831 1048 3910 dominicus,
1071 3828 1111 3894 de
1134 3828 1221 3895 cnelo
1248 3827 1379 3894 daretur

231 3941 349 4024 populo
372 3940 572 4019 Iudeeorom,
595 3939 679 4023 quod
702 3940 748 4005 ita
771 3958 842 4005 esse
865 3957 918 4004 ser
942 3938 1064 4004 dierum
1088 3934 1282 4003 continuatio
1306 3953 1377 4018 pro·
1394 3957 1423 4002 ιι

232 4044 298 4122 bat,
322 4045 439 4128 quibus
462 4046 669 4131 collegerunt,
693 4053 726 4112 et
748 4045 885 4130 septimo
907 4044 968 4123 die,
992 4043 1025 4108 id
1048 4047 1097 4109 est
1120 4042 1264 4123 sabbato,
1289 4039 1376 4125 quie-

323 4255 392 4310 dci.
413 4257 466 4310 Ios.
487 4256 564 4322 1,18
662 4255 711 4331 ,12
731 4252 764 4308 cl.
785 4254 844 4308 not.
863 4252 888 4316 2,
909 4253 940 4306 ll
1062 4247 1377 4310 lact.l¹n.1e,1.1o

236 4344 505 4412 lecturum
559 4341 895 4408 secessissent

146 4470 237 4541 rlffl
273 4467 492 4523 lcorriculsM
507 4470 612 4534 (cors),
630 4466 659 4520 F
697 4467 792 4537 lipso
811 4465 844 4519 N
882 4464 946 4519 det
964 4479 1015 4518 om.
1035 4463 1065 4516 X
1100 4459 1381 4515 bsecramenturnN

236 4560 250 4610 7
270 4562 427 4627 pentecoste
446 4556 537 4625 (corr.)
557 4556 592 4610 Μ
609 4558 789 4627 pentecosten
809 4553 843 4607 N
915 4551 1057 4607 descendit
1076 4551 1107 4604 X
1178 4549 1211 4603 10
1230 4547 1376 4619 proedisti·

235 4654 329 4700 netum
350 4645 433 4700 ONX
535 4647 568 4699 13
587 4645 687 4700 illlis·-
707 4643 739 4698 N
834 4642 972 4698 mensis·-
993 4641 1016 4697 C
1115 4640 1148 4693 16
1167 4641 1325 4709 pentecoste
1344 4636 1381 4690 Μ

236 4739 336 4803 icore),
358 4735 411 4791 CX
427 4738 598 4807 pentecostes
616 4734 649 4788 N
719 4733 751 4786 17
771 4736 852 4802 pente
870 4730 948 4800 (cdd.
966 4747 988 4785 s.
1008 4730 1026 4783 l.
1045 4732 1148 4795 costen)
1168 4726 1205 4780 Μ
1220 4728 1378 4796 pentecoste

238 4826 321 4879 (JNX
391 4825 423 4878 21
445 4830 488 4878 est
505 4842 555 4878 one.
576 4823 654 4889 (cdd.
673 4839 706 4875 ιιι.
726 4825 788 4887 rec.)
806 4820 839 4873 N
925 4818 1061 4873 missionis
1079 4815 1110 4870 N
1189 4815 1224 4869 22
1242 4815 1377 4886 quinque·

237 4916 356 4984 pesimse
375 4914 405 4968 N
469 4910 724 4983 tollenstein!
788 4912 824 4966 24
842 4910 889 4980 qui
908 4913 951 4963 est
969 4905 1118 4961 dominicus
1137 4920 1188 4960 om.
1208 4902 1244 4956 Μ
1333 4901 1377 4973 de]

237 5021 251 5055 o
270 5005 361 5072 (corr.)
380 5003 417 5056 Μ
432 5020 463 5056 se
485 5002 539 5055 Ge
558 5000 618 5056 NX
706 5000 740 5054 26
760 4998 922 5068 colligemnt
939 4997 970 5050 Χ
1041 4994 1169 5063 septima]
1188 4992 1276 5063 reptio
1295 4996 1378 5058 (corr.

238 5113 271 5147 ιιι.
289 5097 353 5162 rec.)
372 5091 404 5146 N
474 5092 598 5161 quierunt
619 5092 641 5144 C
