3275 6434
676 1366 752 1445 cip.
771 1372 833 1430 cvl
851 1374 929 1429 e-e.
1307 1377 1373 1442 237

225 1566 355 1646 lumini,
378 1566 569 1633 auctoritate
587 1569 705 1644 carent,
724 1585 763 1632 ue
781 1566 909 1650 possint
925 1585 1092 1632 nnmomm
1111 1566 1222 1632 iecere
1241 1565 1374 1652 triginta

225 1671 349 1738 etenim
367 1670 437 1738 dies
451 1691 515 1738 nua
526 1671 604 1738 luna
620 1671 813 1756 appellatur„
828 1691 899 1739 cum
919 1690 1029 1737 secum
1047 1670 1183 1737 babeant
1200 1675 1234 1737 et
1250 1676 1373 1738 noctes.

227 1777 340 1860 itaque
361 1777 445 1844 lucia
467 1777 693 1855 ministerium,
716 1795 779 1860 qno
803 1777 942 1861 spatium
967 1781 1169 1843 consummat
1187 1776 1250 1842 sibi
1268 1776 1374 1844 decre·

229 1884 311 1961 tum,
330 1881 401 1949 dies
417 1886 633 1966 nuncupatum
652 1883 851 1948 tenebramm
871 1884 978 1948 auum
997 1882 1185 1960 substantie,
1204 1885 1372 1966 antequam

228 1987 447 2065 inluminatur,
469 2007 529 2054 nox
552 1988 739 2072 appellatur.
762 1988 903 2071 spatium
931 1991 1038 2054 auum
1065 1987 1160 2065 iilud,
1184 1987 1268 2069 quod
1289 1987 1374 2054 inter

229 2109 380 2158 occasum
411 2095 445 2158 et
475 2095 580 2158 ortum
612 2095 671 2170 est,
705 2112 763 2159 nox
790 2098 848 2158 ent
876 2111 937 2158 non
965 2093 1049 2158 euim
1075 2092 1223 2158 tenebrae
1250 2091 1372 2158 iaciunt

228 2200 368 2277 noctem,
387 2197 472 2263 aient
485 2202 520 2263 et
532 2199 587 2263 lux
600 2198 695 2278 diem,
714 2199 790 2280 quia
807 2197 956 2264 tenebrae
973 2201 1103 2263 manent
1120 2197 1152 2262 in
1171 2215 1230 2263 sua
1247 2201 1370 2264 nature.

226 2301 312 2368 lucis
343 2305 451 2368 nutem
482 2321 631 2370 nocensne
662 2304 740 2370 iacit
772 2303 856 2369 diem
889 2307 923 2369 et
957 2303 1107 2369 decennus
1139 2308 1275 2369 noctem.
1307 2322 1370 2371 non

226 2406 376 2474 inmerito
398 2427 473 2494 ergo
496 2409 641 2476 subiecta
663 2400 715 2476 es't
737 2430 796 2477 nox
819 2411 891 2476 diei.

270 2517 303 2580 4.
333 2514 420 2580 Luce
445 2515 547 2600 igitur
574 2517 658 2582 facta
684 2520 717 2583 et
748 2535 845 2583 cursu
873 2516 1039 2583 duodecim
1065 2517 1214 2582 horarum
1236 2516 1369 2600 impleto

224 2617 424 2702 totidemque
442 2623 475 2685 et
492 2621 595 2687 noctis
611 2622 715 2704 spatio
733 2626 862 2707 peracto
881 2622 1117 2707 aequinoctium
1135 2622 1199 2687 iuit
1215 2622 1247 2686 in
1265 2621 1369 2704 primo

225 2722 286 2790 die.
311 2727 345 2790 et
366 2724 477 2791 exinde
500 2727 604 2810 coepit
627 2727 696 2794 dien
713 2728 893 2795 increscere
917 2747 1014 2812 super
1035 2726 1159 2794 uocum
1184 2727 1289 2793 tribue
1308 2727 1369 2792 sci·

222 2827 489 2910 licetmensibun,
513 2833 567 2915 qni
589 2839 663 2899 nunt
681 2838 809 2918 tempus
829 2835 920 2900 neris.
941 2853 976 2899 ex
1000 2853 1037 2900 co
1062 2834 1173 2900 deinde
1196 2837 1366 2919 augmento

225 2951 283 3001 ruo
315 2936 470 3004 minuitur
500 2938 569 3004 dies
601 2939 673 3004 eliis
704 2940 868 3007 mensibus
900 2941 1014 3018 tribus,
1046 2940 1101 3025 qui
1133 2944 1209 3006 nunt
1239 2944 1367 3022 tempus

225 3043 364 3108 mutin
388 3046 422 3108 et
442 3043 558 3123 iterum
581 3044 618 3110 iit
636 3044 885 3128 aequinoctium,
904 3047 950 3111 ite
968 3054 1006 3110 ut
1024 3065 1060 3111 ex
1078 3065 1115 3112 eo
1134 3065 1193 3112 uon
1211 3045 1366 3111 increscat

227 3163 322 3230 super
344 3147 429 3213 diem
451 3148 524 3215 aliis
551 3150 714 3216 mensibus
742 3151 856 3223 tribus,
885 3152 938 3234 qni
964 3156 1040 3217 sunt
1061 3156 1188 3234 tempus
1212 3150 1366 3215 autumni.

225 3255 257 3317 ei
277 3252 394 3336 incipit
414 3255 530 3320 itemm
549 3274 608 3321 nox
627 3257 666 3320 de
685 3256 913 3341 magnitudine,
933 3277 995 3340 qne
1014 3256 1253 3341 supergreditur
1270 3256 1365 3331 diem,

224 3359 373 3424 minorari
400 3378 503 3443 usqne
530 3361 570 3425 ad
597 3360 692 3427 flnem
719 3364 821 3445 quarti
849 3363 1012 3448 temporis,
1042 3363 1126 3446 qnod
1153 3365 1204 3428 eat
1231 3361 1366 3443 hiemps.

223 3465 256 3530 eo
285 3462 325 3529 ur
356 3466 591 3548 aequinoctium
624 3467 718 3549 primi
750 3467 912 3550 temporie,
945 3467 1070 3551 quundo
1102 3467 1182 3533 deus
1212 3465 1364 3534 mundum

219 3570 355 3652 creauit,
377 3570 432 3654 qui
454 3570 523 3637 dies
545 3572 744 3657 intellegitur
767 3592 839 3639 esne
857 3574 902 3638 XI
921 3573 974 3639 Kl.
995 3574 1079 3656 dpn,
1098 3572 1225 3655 quando
1244 3572 1366 3655 primus

217 3672 289 3740 dies
317 3676 455 3760 paschae
482 3681 541 3753 ent,
570 3677 602 3742 id
631 3682 683 3742 est
709 3678 830 3760 primns
859 3677 927 3744 dies
954 3677 1047 3760 primi
1075 3678 1202 3742 mensis.
1229 3676 1261 3741 in
1293 3677 1363 3760 lege

216 3780 306 3844 anim
339 3781 522 3846 mundatum
555 3784 614 3858 est,
647 3785 686 3846 ut
716 3781 838 3847 decima
872 3782 922 3847 die
954 3784 1047 3866 primi
1080 3784 1197 3848 mensis
1229 3799 1362 3864 uespere

217 3891 442 3969 praepararent
469 3906 503 3951 se
531 3887 571 3952 nd
599 3887 717 3970 pascba
743 3887 924 3953 iaciendum
953 3892 1064 3972 quarta
1092 3887 1214 3955 decima
1244 3888 1363 3955 mensis

219 3990 282 4067 die,
316 3991 349 4056 id
378 3996 428 4058 est
459 3993 497 4058 eb
526 3994 702 4059 undecimo.
730 3995 793 4058 iam
823 3995 906 4060 enim
939 4014 1054 4079 uesper
1085 3995 1200 4061 decimi
1235 3996 1297 4060 diei
1329 3996 1361 4060 in

307 4269 342 4324 21
362 4269 396 4324 ci.
415 4269 462 4325 Er.
484 4272 524 4333 12,
544 4273 561 4324 3
614 4271 649 4325 23
669 4271 702 4325 ci.
723 4271 771 4326 Er.
793 4273 870 4338 126

256 4444 447 4498 lauctoritati
465 4444 496 4499 N
548 4446 756 4517 2appellantnr
769 4447 802 4500 N
870 4453 900 4501 et
916 4465 967 4503 om.
990 4449 1071 4503 ONX
1143 4451 1236 4502 noctes
1255 4449 1361 4511 (noeirs

219 4535 285 4600 m.)
302 4532 336 4586 N
377 4533 554 4587 bcousumat
572 4534 651 4588 POX
694 4535 789 4589 4diea
807 4551 858 4589 cnr.
879 4536 908 4588 X
970 4553 1023 4590 non
1041 4537 1156 4606 cupatur
1172 4535 1209 4590 Μ
1224 4538 1305 4602 (cerr.
1323 4553 1359 4590 ιι.

219 4619 537 4688 repudiationem
555 4627 635 4688 (corr.
655 4624 895 4693 nuncupantur)C
941 4625 1006 4679 eet
1024 4641 1075 4679 cen.
1096 4625 1123 4678 X
1170 4624 1312 4679 iieubictu
1330 4624 1362 4678 N

220 4707 253 4764 10
270 4724 349 4764 curso
366 4708 396 4762 N
465 4711 496 4764 il
517 4711 581 4780 qne]
601 4727 670 4780 quuc
688 4711 777 4765 NFB
796 4728 848 4784 quq
866 4717 958 4780 (corr.)
977 4713 1010 4766 N
1079 4722 1107 4766 et
1126 4729 1177 4766 cnr.
1197 4713 1225 4765 X
1295 4730 1355 4783 spu·

216 4797 284 4851 tium
307 4795 341 4850 N
410 4796 758 4868 leueindeJdeodd.1’
828 4807 969 4856 eueniento
990 4800 1177 4866 C(ccrr.),N
1191 4804 1262 4870 (cup.
1281 4801 1361 4868 c),1¹'

218 4884 457 4939 inminuerunt
505 4887 538 4940 15
553 4885 593 4956 ut]
613 4890 641 4940 et
658 4889 750 4955 (corr.)
770 4889 793 4940 (¹
848 4890 880 4941 ld
899 4889 964 4957 quib
983 4895 1076 4954 (corr.)
1094 4888 1130 4942 d!
1188 4887 1220 4941 17
1240 4903 1306 4958 quaa
1324 4888 1361 4941 M

215 4971 420 5050 aupmgreduur
437 4973 467 5025 X
503 4974 536 5028 18
554 4979 651 5043 quarto
669 4973 700 5028 N
733 4975 769 5028 20
787 4974 845 5044 quil
866 4975 930 5045 quid
950 4975 1007 5030 GN
1021 4974 1163 5043 (eurr.),1¹'
1214 4972 1356 5042 quando-

215 5061 519 5129 eut(pr.)iurua.d1
590 5062 622 5115 21
643 5068 686 5116 cat
699 5079 745 5130 pr.
765 5079 816 5117 om.
838 5066 861 5113 t'
944 5064 1056 5133 primur]
1075 5064 1154 5133 primi
1172 5063 1200 5116 P
1273 5062 1308 5115 22
1326 5066 1359 5115 ut

216 5145 332 5216 Mna]
351 5150 385 5201 ut
402 5147 544 5201 undecima
563 5147 591 5201 P
607 5147 748 5203 undecimo
769 5149 793 5200 X
848 5149 883 5203 28
902 5149 1053 5204 iniciendam
1071 5150 1098 5202 Ρ
1151 5150 1186 5202 24
1203 5145 1357 5217 undecimo}

216 5231 254 5287 11
272 5249 288 5287 u
306 5231 336 5303 (o
354 5237 435 5299 eruo.)
453 5233 490 5287 bt
