<?xml version="1.0" encoding="UTF-8"?>
<!DOCTYPE html PUBLIC "-//W3C//DTD XHTML 1.0 Transitional//EN"
    "http://www.w3.org/TR/xhtml1/DTD/xhtml1-transitional.dtd">
<html xmlns="http://www.w3.org/1999/xhtml" xml:lang="en" lang="en">
 <head>
  <title>
</title>
<meta http-equiv="Content-Type" content="text/html;charset=utf-8" />
  <meta name='ocr-system' content='tesseract 3.04.00' />
  <meta name='ocr-capabilities' content='ocr_page ocr_carea ocr_par ocr_line ocrx_word'/>
</head>
<body>
  <div class='ocr_page' id='page_1' title='image "./pseudoaugustini00soutgoog/pseudoaugustini00soutgoog_0090.png"; bbox 0 0 3275 6434; ppageno 0'>
   <div class='ocr_carea' id='block_1_1' title="bbox 878 640 2842 1114">
    <p class='ocr_par' dir='ltr' id='par_1_1' title="bbox 878 640 2842 1114">
     <span class='ocr_line' id='line_1_1' title="bbox 878 640 2842 1114; baseline 0 5320"><span class='ocrx_word' id='word_1_1' title='bbox 878 640 2842 1114; x_wconf 95' lang='lat' dir='ltr'><strong> </strong></span> 
     </span>
    </p>
   </div>
   <div class='ocr_carea' id='block_1_2' title="bbox 883 645 2837 1110">
    <p class='ocr_par' dir='ltr' id='par_1_2' title="bbox 883 645 2837 1110">
     <span class='ocr_line' id='line_1_2' title="bbox 883 645 2837 1110; baseline 0.012 -24"><span class='ocrx_word' id='word_1_2' title='bbox 883 645 2837 1110; x_wconf 59' lang='grc' dir='ltr'>Ε</span> 
     </span>
    </p>
   </div>
   <div class='ocr_carea' id='block_1_3' title="bbox 465 1501 1953 1574">
    <p class='ocr_par' dir='ltr' id='par_1_3' title="bbox 465 1501 1953 1574">
     <span class='ocr_line' id='line_1_3' title="bbox 465 1501 1953 1574; baseline -0.001 -16"><span class='ocrx_word' id='word_1_3' title='bbox 465 1504 549 1567; x_wconf 81' lang='lat'><strong>48</strong></span> <span class='ocrx_word' id='word_1_4' title='bbox 1256 1501 1453 1557; x_wconf 81' lang='lat' dir='ltr'><strong>Liber</strong></span> <span class='ocrx_word' id='word_1_5' title='bbox 1489 1503 1953 1574; x_wconf 76' lang='lat' dir='ltr'><strong>questionum</strong></span> 
     </span>
    </p>
   </div>
   <div class='ocr_carea' id='block_1_4' title="bbox 462 1692 2835 3353">
    <p class='ocr_par' dir='ltr' id='par_1_4' title="bbox 462 1692 2835 3353">
     <span class='ocr_line' id='line_1_4' title="bbox 462 1692 2747 1779; baseline 0.001 -21"><span class='ocrx_word' id='word_1_6' title='bbox 462 1692 716 1758; x_wconf 87' lang='lat' dir='ltr'><strong>homine</strong></span> <span class='ocrx_word' id='word_1_7' title='bbox 762 1711 947 1758; x_wconf 87' lang='lat' dir='ltr'><strong>omne</strong></span> <span class='ocrx_word' id='word_1_8' title='bbox 992 1712 1193 1779; x_wconf 79' lang='lat' dir='ltr'><strong>genna</strong></span> <span class='ocrx_word' id='word_1_9' title='bbox 1229 1695 1598 1762; x_wconf 82' lang='lat' dir='ltr'><strong>humanum.</strong></span> <span class='ocrx_word' id='word_1_10' title='bbox 1645 1694 2001 1762; x_wconf 70' lang='lat' dir='ltr'><strong>similitudo</strong></span> <span class='ocrx_word' id='word_1_11' title='bbox 2047 1697 2258 1762; x_wconf 74' lang='lat' dir='ltr'><strong>antem</strong></span> <span class='ocrx_word' id='word_1_12' title='bbox 2307 1694 2464 1762; x_wconf 74' lang='lat' dir='ltr'><strong>haec</strong></span> <span class='ocrx_word' id='word_1_13' title='bbox 2508 1698 2629 1774; x_wconf 77' lang='lat' dir='ltr'><strong>est,</strong></span> <span class='ocrx_word' id='word_1_14' title='bbox 2669 1698 2747 1761; x_wconf 79' lang='lat' dir='ltr'><strong>ut</strong></span> 
     </span>
     <span class='ocr_line' id='line_1_5' title="bbox 470 1798 2743 1883; baseline 0.001 -21"><span class='ocrx_word' id='word_1_15' title='bbox 470 1817 657 1881; x_wconf 85' lang='lat' dir='ltr'><strong>quem</strong></span> <span class='ocrx_word' id='word_1_16' title='bbox 706 1798 783 1863; x_wconf 88' lang='lat' dir='ltr'><strong>ad</strong></span> <span class='ocrx_word' id='word_1_17' title='bbox 829 1800 1086 1865; x_wconf 88' lang='lat' dir='ltr'><strong>modum</strong></span> <span class='ocrx_word' id='word_1_18' title='bbox 1134 1798 1213 1864; x_wconf 90' lang='lat' dir='ltr'><strong>de</strong></span> <span class='ocrx_word' id='word_1_19' title='bbox 1256 1800 1440 1883; x_wconf 67' lang='lat' dir='ltr'><strong>patre·</strong></span> <span class='ocrx_word' id='word_1_20' title='bbox 1491 1803 1590 1866; x_wconf 85' lang='lat' dir='ltr'><strong>est</strong></span> <span class='ocrx_word' id='word_1_21' title='bbox 1644 1800 1839 1879; x_wconf 86' lang='lat' dir='ltr'><strong>filius,</strong></span> <span class='ocrx_word' id='word_1_22' title='bbox 1896 1801 1991 1866; x_wconf 88' lang='lat' dir='ltr'><strong>sic</strong></span> <span class='ocrx_word' id='word_1_23' title='bbox 2045 1802 2109 1865; x_wconf 87' lang='lat' dir='ltr'><strong>et</strong></span> <span class='ocrx_word' id='word_1_24' title='bbox 2162 1800 2240 1866; x_wconf 89' lang='lat' dir='ltr'><strong>de</strong></span> <span class='ocrx_word' id='word_1_25' title='bbox 2295 1800 2433 1866; x_wconf 90' lang='lat' dir='ltr'><strong>uiro</strong></span> <span class='ocrx_word' id='word_1_26' title='bbox 2487 1801 2743 1877; x_wconf 78' lang='lat' dir='ltr'><strong>mulier,</strong></span> 
     </span>
     <span class='ocr_line' id='line_1_6' title="bbox 466 1903 2749 1988; baseline 0.001 -20"><span class='ocrx_word' id='word_1_27' title='bbox 466 1906 542 1968; x_wconf 81' lang='lat' dir='ltr'><strong>ut</strong></span> <span class='ocrx_word' id='word_1_28' title='bbox 574 1904 763 1969; x_wconf 82' lang='lat' dir='ltr'><strong>unius</strong></span> <span class='ocrx_word' id='word_1_29' title='bbox 801 1903 1106 1988; x_wconf 79' lang='lat' dir='ltr'><strong>principii</strong></span> <span class='ocrx_word' id='word_1_30' title='bbox 1130 1904 1476 1970; x_wconf 79' lang='lat' dir='ltr'><strong>auctoritas</strong></span> <span class='ocrx_word' id='word_1_31' title='bbox 1515 1908 1944 1972; x_wconf 75' lang='lat' dir='ltr'><strong>conseruetnr.</strong></span> <span class='ocrx_word' id='word_1_32' title='bbox 1982 1903 2098 1972; x_wconf 89' lang='lat' dir='ltr'><strong>sed</strong></span> <span class='ocrx_word' id='word_1_33' title='bbox 2130 1903 2302 1971; x_wconf 82' lang='lat' dir='ltr'><strong>filins</strong></span> <span class='ocrx_word' id='word_1_34' title='bbox 2338 1905 2749 1973; x_wconf 72' lang='lat' dir='ltr'><strong>ineffabiliter</strong></span> 
     </span>
     <span class='ocr_line' id='line_1_7' title="bbox 465 2009 2740 2096; baseline 0.001 -23"><span class='ocrx_word' id='word_1_35' title='bbox 465 2009 1162 2094; x_wconf 79' lang='lat' dir='ltr'><strong>inconprehensibiliter</strong></span> <span class='ocrx_word' id='word_1_36' title='bbox 1223 2014 1410 2076; x_wconf 86' lang='lat' dir='ltr'><strong>natus</strong></span> <span class='ocrx_word' id='word_1_37' title='bbox 1474 2015 1577 2077; x_wconf 81' lang='lat' dir='ltr'><strong>est</strong></span> <span class='ocrx_word' id='word_1_38' title='bbox 1642 2013 1720 2077; x_wconf 91' lang='lat' dir='ltr'><strong>de</strong></span> <span class='ocrx_word' id='word_1_39' title='bbox 1782 2011 1901 2078; x_wconf 88' lang='lat' dir='ltr'><strong>deo</strong></span> <span class='ocrx_word' id='word_1_40' title='bbox 1963 2014 2163 2096; x_wconf 63' lang='lat' dir='ltr'><strong>pane,</strong></span> <span class='ocrx_word' id='word_1_41' title='bbox 2226 2011 2459 2077; x_wconf 88' lang='lat' dir='ltr'><strong>mulier</strong></span> <span class='ocrx_word' id='word_1_42' title='bbox 2519 2014 2740 2077; x_wconf 75' lang='lat' dir='ltr'><strong>antem</strong></span> 
     </span>
     <span class='ocr_line' id='line_1_8' title="bbox 466 2114 2834 2200; baseline 0.002 -22"><span class='ocrx_word' id='word_1_43' title='bbox 466 2114 891 2198; x_wconf 77' lang='lat' dir='ltr'><strong>corporaliter,</strong></span> <span class='ocrx_word' id='word_1_44' title='bbox 951 2115 1124 2180; x_wconf 80' lang='lat' dir='ltr'><strong>sicut</strong></span> <span class='ocrx_word' id='word_1_45' title='bbox 1174 2116 1472 2200; x_wconf 86' lang='lat' dir='ltr'><strong>legimus,</strong></span> <span class='ocrx_word' id='word_1_46' title='bbox 1527 2117 1699 2182; x_wconf 77' lang='lat' dir='ltr'><strong>facta</strong></span> <span class='ocrx_word' id='word_1_47' title='bbox 1761 2117 1839 2183; x_wconf 89' lang='lat' dir='ltr'><strong>de</strong></span> <span class='ocrx_word' id='word_1_48' title='bbox 1906 2116 2043 2182; x_wconf 90' lang='lat' dir='ltr'><strong>niro</strong></span> <span class='ocrx_word' id='word_1_49' title='bbox 2108 2120 2228 2192; x_wconf 81' lang='lat' dir='ltr'><strong>est,</strong></span> <span class='ocrx_word' id='word_1_50' title='bbox 2292 2118 2368 2181; x_wconf 76' lang='lat' dir='ltr'><strong>ut</strong></span> <span class='ocrx_word' id='word_1_51' title='bbox 2427 2134 2540 2200; x_wconf 89' lang='lat' dir='ltr'><strong>per</strong></span> <span class='ocrx_word' id='word_1_52' title='bbox 2602 2133 2745 2182; x_wconf 74' lang='lat' dir='ltr'><strong>eam</strong></span> <span class='ocrx_word' id='word_1_53' title='bbox 2805 2136 2834 2182; x_wconf 76' lang='grc' dir='ltr'>ι</span> 
     </span>
     <span class='ocr_line' id='line_1_9' title="bbox 465 2218 2742 2304; baseline 0.002 -21"><span class='ocrx_word' id='word_1_54' title='bbox 465 2218 769 2285; x_wconf 80' lang='lat' dir='ltr'><strong>natiuitas</strong></span> <span class='ocrx_word' id='word_1_55' title='bbox 815 2223 1110 2286; x_wconf 77' lang='lat' dir='ltr'><strong>oreretur.</strong></span> <span class='ocrx_word' id='word_1_56' title='bbox 1153 2220 1326 2285; x_wconf 87' lang='lat' dir='ltr'><strong>filius</strong></span> <span class='ocrx_word' id='word_1_57' title='bbox 1372 2240 1523 2288; x_wconf 88' lang='lat' dir='ltr'><strong>uero</strong></span> <span class='ocrx_word' id='word_1_58' title='bbox 1571 2222 1675 2288; x_wconf 89' lang='lat' dir='ltr'><strong>dei</strong></span> <span class='ocrx_word' id='word_1_59' title='bbox 1710 2221 1851 2288; x_wconf 91' lang='lat' dir='ltr'><strong>ideo</strong></span> <span class='ocrx_word' id='word_1_60' title='bbox 1889 2225 2077 2288; x_wconf 76' lang='lat' dir='ltr'><strong>natus</strong></span> <span class='ocrx_word' id='word_1_61' title='bbox 2115 2224 2236 2298; x_wconf 79' lang='lat' dir='ltr'><strong>est,</strong></span> <span class='ocrx_word' id='word_1_62' title='bbox 2273 2223 2350 2286; x_wconf 74' lang='lat' dir='ltr'><strong>ut</strong></span> <span class='ocrx_word' id='word_1_63' title='bbox 2379 2239 2495 2304; x_wconf 91' lang='lat' dir='ltr'><strong>per</strong></span> <span class='ocrx_word' id='word_1_64' title='bbox 2526 2221 2742 2304; x_wconf 83' lang='lat' dir='ltr'><strong>ipsum</strong></span> 
     </span>
     <span class='ocr_line' id='line_1_10' title="bbox 463 2322 2745 2410; baseline 0.003 -23"><span class='ocrx_word' id='word_1_65' title='bbox 463 2322 646 2388; x_wconf 79' lang='lat' dir='ltr'><strong>fieret</strong></span> <span class='ocrx_word' id='word_1_66' title='bbox 672 2326 1060 2391; x_wconf 81' lang='lat' dir='ltr'><strong>creatura.in</strong></span> <span class='ocrx_word' id='word_1_67' title='bbox 1088 2343 1162 2391; x_wconf 91' lang='lat' dir='ltr'><strong>eo</strong></span> <span class='ocrx_word' id='word_1_68' title='bbox 1191 2344 1340 2410; x_wconf 89' lang='lat' dir='ltr'><strong>ergo</strong></span> <span class='ocrx_word' id='word_1_69' title='bbox 1371 2326 1682 2392; x_wconf 77' lang='lat' dir='ltr'><strong>dissimile</strong></span> <span class='ocrx_word' id='word_1_70' title='bbox 1711 2330 1840 2398; x_wconf 64' lang='lat' dir='ltr'><strong>esta</strong></span> <span class='ocrx_word' id='word_1_71' title='bbox 1863 2346 2005 2393; x_wconf 83' lang='lat' dir='ltr'><strong>nam</strong></span> <span class='ocrx_word' id='word_1_72' title='bbox 2030 2330 2097 2391; x_wconf 80' lang='lat' dir='ltr'><strong>et</strong></span> <span class='ocrx_word' id='word_1_73' title='bbox 2122 2325 2201 2392; x_wconf 89' lang='lat' dir='ltr'><strong>de</strong></span> <span class='ocrx_word' id='word_1_74' title='bbox 2227 2325 2345 2394; x_wconf 88' lang='lat' dir='ltr'><strong>deo</strong></span> <span class='ocrx_word' id='word_1_75' title='bbox 2372 2325 2533 2393; x_wconf 84' lang='lat' dir='ltr'><strong>dens</strong></span> <span class='ocrx_word' id='word_1_76' title='bbox 2551 2330 2745 2394; x_wconf 78' lang='lat' dir='ltr'><strong>natus</strong></span> 
     </span>
     <span class='ocr_line' id='line_1_11' title="bbox 471 2428 2751 2514; baseline 0.002 -21"><span class='ocrx_word' id='word_1_77' title='bbox 471 2432 591 2504; x_wconf 81' lang='lat' dir='ltr'><strong>est,</strong></span> <span class='ocrx_word' id='word_1_78' title='bbox 639 2428 717 2493; x_wconf 89' lang='lat' dir='ltr'><strong>de</strong></span> <span class='ocrx_word' id='word_1_79' title='bbox 762 2430 898 2494; x_wconf 90' lang='lat' dir='ltr'><strong>uiro</strong></span> <span class='ocrx_word' id='word_1_80' title='bbox 951 2434 1167 2500; x_wconf 75' lang='lat' dir='ltr'><strong>autem</strong></span> <span class='ocrx_word' id='word_1_81' title='bbox 1222 2429 1473 2509; x_wconf 81' lang='lat' dir='ltr'><strong>femina,</strong></span> <span class='ocrx_word' id='word_1_82' title='bbox 1530 2430 1680 2513; x_wconf 88' lang='lat' dir='ltr'><strong>quia</strong></span> <span class='ocrx_word' id='word_1_83' title='bbox 1723 2432 1862 2497; x_wconf 85' lang='lat' dir='ltr'><strong>illic</strong></span> <span class='ocrx_word' id='word_1_84' title='bbox 1916 2431 2295 2514; x_wconf 75' lang='lat' dir='ltr'><strong>simplicitas</strong></span> <span class='ocrx_word' id='word_1_85' title='bbox 2350 2433 2453 2497; x_wconf 79' lang='lat' dir='ltr'><strong>est</strong></span> <span class='ocrx_word' id='word_1_86' title='bbox 2504 2434 2574 2498; x_wconf 78' lang='lat' dir='ltr'><strong>et</strong></span> <span class='ocrx_word' id='word_1_87' title='bbox 2623 2449 2751 2499; x_wconf 91' lang='lat' dir='ltr'><strong>non</strong></span> 
     </span>
     <span class='ocr_line' id='line_1_12' title="bbox 466 2533 2744 2620; baseline 0.002 -22"><span class='ocrx_word' id='word_1_88' title='bbox 466 2533 679 2617; x_wconf 79' lang='lat' dir='ltr'><strong>potnit</strong></span> <span class='ocrx_word' id='word_1_89' title='bbox 721 2534 844 2599; x_wconf 86' lang='lat' dir='ltr'><strong>nisi</strong></span> <span class='ocrx_word' id='word_1_90' title='bbox 888 2533 967 2598; x_wconf 89' lang='lat' dir='ltr'><strong>de</strong></span> <span class='ocrx_word' id='word_1_91' title='bbox 1014 2534 1291 2618; x_wconf 84' lang='lat' dir='ltr'><strong>simplici</strong></span> <span class='ocrx_word' id='word_1_92' title='bbox 1335 2535 1603 2619; x_wconf 79' lang='lat' dir='ltr'><strong>simplex</strong></span> <span class='ocrx_word' id='word_1_93' title='bbox 1638 2538 1836 2614; x_wconf 80' lang='lat' dir='ltr'><strong>nasci,</strong></span> <span class='ocrx_word' id='word_1_94' title='bbox 1876 2536 2139 2618; x_wconf 78' lang='lat' dir='ltr'><strong>spiritns</strong></span> <span class='ocrx_word' id='word_1_95' title='bbox 2176 2536 2255 2602; x_wconf 89' lang='lat' dir='ltr'><strong>de</strong></span> <span class='ocrx_word' id='word_1_96' title='bbox 2292 2537 2545 2620; x_wconf 76' lang='lat' dir='ltr'><strong>spiritu,</strong></span> <span class='ocrx_word' id='word_1_97' title='bbox 2583 2536 2744 2603; x_wconf 82' lang='lat' dir='ltr'><strong>dens</strong></span> 
     </span>
     <span class='ocr_line' id='line_1_13' title="bbox 470 2637 2834 2726; baseline 0.002 -24"><span class='ocrx_word' id='word_1_98' title='bbox 470 2638 548 2702; x_wconf 89' lang='lat' dir='ltr'><strong>de</strong></span> <span class='ocrx_word' id='word_1_99' title='bbox 604 2637 743 2706; x_wconf 90' lang='lat' dir='ltr'><strong>deo.</strong></span> <span class='ocrx_word' id='word_1_100' title='bbox 806 2638 1007 2722; x_wconf 79' lang='lat' dir='ltr'><strong>igitur</strong></span> <span class='ocrx_word' id='word_1_101' title='bbox 1058 2639 1161 2704; x_wconf 88' lang='lat' dir='ltr'><strong>nir</strong></span> <span class='ocrx_word' id='word_1_102' title='bbox 1211 2639 1422 2725; x_wconf 89' lang='lat' dir='ltr'><strong>imago</strong></span> <span class='ocrx_word' id='word_1_103' title='bbox 1477 2640 1578 2706; x_wconf 90' lang='lat' dir='ltr'><strong>dei</strong></span> <span class='ocrx_word' id='word_1_104' title='bbox 1633 2645 1752 2707; x_wconf 77' lang='lat' dir='ltr'><strong>est.</strong></span> <span class='ocrx_word' id='word_1_105' title='bbox 1810 2641 1905 2706; x_wconf 92' lang='lat' dir='ltr'><strong>sic</strong></span> <span class='ocrx_word' id='word_1_106' title='bbox 1960 2641 2188 2706; x_wconf 75' lang='lat' dir='ltr'><strong>etenim</strong></span> <span class='ocrx_word' id='word_1_107' title='bbox 2248 2642 2559 2726; x_wconf 79' lang='lat' dir='ltr'><strong>scriptum</strong></span> <span class='ocrx_word' id='word_1_108' title='bbox 2613 2645 2747 2709; x_wconf 74' lang='lat' dir='ltr'><strong>estz</strong></span> <span class='ocrx_word' id='word_1_109' title='bbox 2781 2661 2834 2707; x_wconf 84' lang='grc' dir='ltr'><strong>ιο</strong></span> 
     </span>
     <span class='ocr_line' id='line_1_14' title="bbox 472 2743 2744 2830; baseline 0.003 -23"><span class='ocrx_word' id='word_1_110' title='bbox 472 2744 549 2807; x_wconf 76' lang='lat' dir='ltr'><strong>et</strong></span> <span class='ocrx_word' id='word_1_111' title='bbox 603 2743 795 2808; x_wconf 76' lang='lat' dir='ltr'><strong>fecit</strong></span> <span class='ocrx_word' id='word_1_112' title='bbox 846 2743 1030 2809; x_wconf 87' lang='lat' dir='ltr'><strong>deus</strong></span> <span class='ocrx_word' id='word_1_113' title='bbox 1086 2743 1480 2822; x_wconf 76' lang='lat' dir='ltr'><strong>hominem,</strong></span> <span class='ocrx_word' id='word_1_114' title='bbox 1536 2745 1624 2811; x_wconf 81' lang='lat' dir='ltr'><strong>ad</strong></span> <span class='ocrx_word' id='word_1_115' title='bbox 1676 2746 2080 2830; x_wconf 80' lang='lat' dir='ltr'><strong>imaginem</strong></span> <span class='ocrx_word' id='word_1_116' title='bbox 2136 2744 2255 2810; x_wconf 89' lang='lat' dir='ltr'><strong>dei</strong></span> <span class='ocrx_word' id='word_1_117' title='bbox 2309 2746 2501 2811; x_wconf 81' lang='lat' dir='ltr'><strong>fecit</strong></span> <span class='ocrx_word' id='word_1_118' title='bbox 2554 2765 2744 2814; x_wconf 89' lang='lat' dir='ltr'><strong>enm.</strong></span> 
     </span>
     <span class='ocr_line' id='line_1_15' title="bbox 471 2848 2745 2934; baseline 0.002 -21"><span class='ocrx_word' id='word_1_119' title='bbox 471 2848 635 2913; x_wconf 88' lang='lat' dir='ltr'><strong>unde</strong></span> <span class='ocrx_word' id='word_1_120' title='bbox 681 2850 748 2914; x_wconf 75' lang='lat' dir='ltr'><strong>et</strong></span> <span class='ocrx_word' id='word_1_121' title='bbox 791 2850 1153 2931; x_wconf 77' lang='lat' dir='ltr'><strong>apostolus:</strong></span> <span class='ocrx_word' id='word_1_122' title='bbox 1201 2850 1320 2915; x_wconf 91' lang='lat' dir='ltr'><strong>uir</strong></span> <span class='ocrx_word' id='word_1_123' title='bbox 1364 2850 1683 2933; x_wconf 85' lang='lat' dir='ltr'><strong>quidem,</strong></span> <span class='ocrx_word' id='word_1_124' title='bbox 1727 2851 1955 2934; x_wconf 84' lang='lat' dir='ltr'><strong>inquit,</strong></span> <span class='ocrx_word' id='word_1_125' title='bbox 2011 2870 2147 2917; x_wconf 91' lang='lat' dir='ltr'><strong>non</strong></span> <span class='ocrx_word' id='word_1_126' title='bbox 2202 2851 2432 2917; x_wconf 79' lang='lat' dir='ltr'><strong>debet</strong></span> <span class='ocrx_word' id='word_1_127' title='bbox 2483 2851 2745 2919; x_wconf 81' lang='lat' dir='ltr'><strong>nelare</strong></span> 
     </span>
     <span class='ocr_line' id='line_1_16' title="bbox 471 2955 2749 3040; baseline 0.002 -22"><span class='ocrx_word' id='word_1_128' title='bbox 471 2957 716 3037; x_wconf 80' lang='lat' dir='ltr'><strong>caput,</strong></span> <span class='ocrx_word' id='word_1_129' title='bbox 791 2973 954 3019; x_wconf 89' lang='lat' dir='ltr'><strong>cum</strong></span> <span class='ocrx_word' id='word_1_130' title='bbox 1026 2955 1131 3020; x_wconf 77' lang='lat' dir='ltr'><strong>sit</strong></span> <span class='ocrx_word' id='word_1_131' title='bbox 1193 2957 1436 3040; x_wconf 80' lang='lat' dir='ltr'><strong>imago</strong></span> <span class='ocrx_word' id='word_1_132' title='bbox 1510 2960 1582 3020; x_wconf 79' lang='lat' dir='ltr'><strong>et</strong></span> <span class='ocrx_word' id='word_1_133' title='bbox 1646 2956 1891 3040; x_wconf 90' lang='lat' dir='ltr'><strong>gloria</strong></span> <span class='ocrx_word' id='word_1_134' title='bbox 1954 2955 2103 3033; x_wconf 85' lang='lat' dir='ltr'><strong>dei;</strong></span> <span class='ocrx_word' id='word_1_135' title='bbox 2169 2956 2420 3021; x_wconf 85' lang='lat' dir='ltr'><strong>‘mulier</strong></span> <span class='ocrx_word' id='word_1_136' title='bbox 2484 2960 2749 3036; x_wconf 71' lang='lat' dir='ltr'><strong>autem,-</strong></span> 
     </span>
     <span class='ocr_line' id='line_1_17' title="bbox 470 3059 2749 3146; baseline 0.002 -24"><span class='ocrx_word' id='word_1_137' title='bbox 470 3059 700 3142; x_wconf 85' lang='lat' dir='ltr'><strong>inquit‚</strong></span> <span class='ocrx_word' id='word_1_138' title='bbox 757 3061 953 3126; x_wconf 80' lang='lat' dir='ltr'><strong>‘uelet</strong></span> <span class='ocrx_word' id='word_1_139' title='bbox 1006 3064 1239 3143; x_wconf 62' lang='lat' dir='ltr'><strong>caput)</strong></span> <span class='ocrx_word' id='word_1_140' title='bbox 1295 3063 1530 3142; x_wconf 77' lang='lat' dir='ltr'><strong>quare?</strong></span> <span class='ocrx_word' id='word_1_141' title='bbox 1596 3060 1747 3143; x_wconf 88' lang='lat' dir='ltr'><strong>quia</strong></span> <span class='ocrx_word' id='word_1_142' title='bbox 1800 3080 1919 3128; x_wconf 91' lang='lat' dir='ltr'><strong>non</strong></span> <span class='ocrx_word' id='word_1_143' title='bbox 1978 3066 2078 3127; x_wconf 83' lang='lat' dir='ltr'><strong>est</strong></span> <span class='ocrx_word' id='word_1_144' title='bbox 2129 3061 2340 3146; x_wconf 81' lang='lat' dir='ltr'><strong>imago</strong></span> <span class='ocrx_word' id='word_1_145' title='bbox 2397 3060 2524 3127; x_wconf 84' lang='lat' dir='ltr'><strong>dei.</strong></span> <span class='ocrx_word' id='word_1_146' title='bbox 2578 3061 2749 3127; x_wconf 84' lang='lat' dir='ltr'><strong>unde</strong></span> 
     </span>
     <span class='ocr_line' id='line_1_18' title="bbox 473 3163 2835 3249; baseline 0.003 -21"><span class='ocrx_word' id='word_1_147' title='bbox 473 3163 675 3229; x_wconf 88' lang='lat' dir='ltr'><strong>denuo</strong></span> <span class='ocrx_word' id='word_1_148' title='bbox 714 3164 871 3230; x_wconf 81' lang='lat' dir='ltr'><strong>dicit</strong></span> <span class='ocrx_word' id='word_1_149' title='bbox 916 3165 1273 3249; x_wconf 79' lang='lat' dir='ltr'><strong>apostolus:</strong></span> <span class='ocrx_word' id='word_1_150' title='bbox 1313 3165 1615 3233; x_wconf 87' lang='lat' dir='ltr'><strong>mulieri</strong></span> <span class='ocrx_word' id='word_1_151' title='bbox 1661 3169 1907 3231; x_wconf 80' lang='lat' dir='ltr'><strong>autem</strong></span> <span class='ocrx_word' id='word_1_152' title='bbox 1954 3165 2223 3232; x_wconf 87' lang='lat' dir='ltr'><strong>docere</strong></span> <span class='ocrx_word' id='word_1_153' title='bbox 2260 3185 2401 3231; x_wconf 92' lang='lat' dir='ltr'><strong>non</strong></span> <span class='ocrx_word' id='word_1_154' title='bbox 2439 3166 2748 3248; x_wconf 77' lang='lat' dir='ltr'><strong>permit·</strong></span> <span class='ocrx_word' id='word_1_155' title='bbox 2785 3190 2835 3235; x_wconf 67' lang='grc' dir='ltr'><strong>ιι</strong></span> 
     </span>
     <span class='ocr_line' id='line_1_19' title="bbox 471 3268 1785 3353; baseline 0 -19"><span class='ocrx_word' id='word_1_156' title='bbox 471 3268 668 3334; x_wconf 81' lang='lat' dir='ltr'><strong>titur</strong></span> <span class='ocrx_word' id='word_1_157' title='bbox 711 3289 944 3353; x_wconf 87' lang='lat' dir='ltr'><strong>neque</strong></span> <span class='ocrx_word' id='word_1_158' title='bbox 991 3270 1355 3336; x_wconf 86' lang='lat' dir='ltr'><strong>dominari</strong></span> <span class='ocrx_word' id='word_1_159' title='bbox 1400 3271 1470 3337; x_wconf 92' lang='lat' dir='ltr'><strong>in</strong></span> <span class='ocrx_word' id='word_1_160' title='bbox 1522 3271 1785 3336; x_wconf 83' lang='lat' dir='ltr'><strong>uirum.</strong></span> 
     </span>
    </p>
   </div>
   <div class='ocr_carea' id='block_1_5' title="bbox 473 3524 2835 3924">
    <p class='ocr_par' dir='ltr' id='par_1_5' title="bbox 473 3524 2835 3924">
     <span class='ocr_line' id='line_1_20' title="bbox 560 3524 2659 3611; baseline 0 -18"><span class='ocrx_word' id='word_1_161' title='bbox 560 3528 762 3595; x_wconf 85' lang='lat' dir='ltr'><strong>xxn.</strong></span> <span class='ocrx_word' id='word_1_162' title='bbox 801 3528 1006 3611; x_wconf 82' lang='lat' dir='ltr'><strong>an</strong></span> <span class='ocrx_word' id='word_1_163' title='bbox 1043 3528 1197 3595; x_wconf 74' lang='lat' dir='ltr'><strong>ns&#39;r</strong></span> <span class='ocrx_word' id='word_1_164' title='bbox 1244 3528 1351 3594; x_wconf 81' lang='lat' dir='ltr'><strong>UT</strong></span> <span class='ocrx_word' id='word_1_165' title='bbox 1388 3527 1638 3595; x_wconf 67' lang='lat' dir='ltr'><strong>mon*</strong></span> <span class='ocrx_word' id='word_1_166' title='bbox 1678 3524 2109 3593; x_wconf 70' lang='lat' dir='ltr'><strong>senonen:</strong></span> <span class='ocrx_word' id='word_1_167' title='bbox 2149 3526 2659 3596; x_wconf 71' lang='lat' dir='ltr'><strong>‹wsmmoA</strong></span> 
     </span>
     <span class='ocr_line' id='line_1_21' title="bbox 474 3631 2745 3710; baseline 0 -10"><span class='ocrx_word' id='word_1_168' title='bbox 474 3633 815 3701; x_wconf 61' lang='lat' dir='ltr'><strong>Amnum</strong></span> <span class='ocrx_word' id='word_1_169' title='bbox 861 3635 1100 3701; x_wconf 79' lang='lat' dir='ltr'>TUAM</span> <span class='ocrx_word' id='word_1_170' title='bbox 1145 3633 1367 3700; x_wconf 76' lang='lat' dir='ltr'>ANTE</span> <span class='ocrx_word' id='word_1_171' title='bbox 1415 3632 1742 3699; x_wconf 79' lang='grc' dir='ltr'><strong>οΒιΤσΜ</strong></span> <span class='ocrx_word' id='word_1_172' title='bbox 1781 3631 2065 3710; x_wconf 74' lang='lat' dir='ltr'><strong>Tuum»,</strong></span> <span class='ocrx_word' id='word_1_173' title='bbox 2102 3632 2209 3697; x_wconf 77' lang='grc' dir='ltr'><strong>ΕΤ</strong></span> <span class='ocrx_word' id='word_1_174' title='bbox 2245 3632 2338 3697; x_wconf 80' lang='lat' dir='ltr'><strong>m</strong></span> <span class='ocrx_word' id='word_1_175' title='bbox 2372 3631 2745 3704; x_wconf 61' lang='lat' dir='ltr'><strong>Psanuoz</strong></span> 
     </span>
     <span class='ocr_line' id='line_1_22' title="bbox 473 3735 2750 3818; baseline 0.001 -14"><span class='ocrx_word' id='word_1_176' title='bbox 473 3738 688 3805; x_wconf 75' lang='lat' dir='ltr'>‘NON</span> <span class='ocrx_word' id='word_1_177' title='bbox 752 3738 1588 3818; x_wconf 72' lang='lat' dir='ltr'><strong>IUSTIFICABITUR,‘</strong></span> <span class='ocrx_word' id='word_1_178' title='bbox 1650 3737 1814 3816; x_wconf 79' lang='lat' dir='ltr'>AIT,</span> <span class='ocrx_word' id='word_1_179' title='bbox 1882 3735 1990 3802; x_wconf 63' lang='lat' dir='ltr'><strong>‘m</strong></span> <span class='ocrx_word' id='word_1_180' title='bbox 2057 3735 2546 3806; x_wconf 68' lang='lat' dir='ltr'><strong>conspe-cru</strong></span> <span class='ocrx_word' id='word_1_181' title='bbox 2600 3739 2750 3806; x_wconf 79' lang='lat' dir='ltr'><strong>nm</strong></span> 
     </span>
     <span class='ocr_line' id='line_1_23' title="bbox 1116 3840 2835 3924; baseline -0.004 -13"><span class='ocrx_word' id='word_1_182' title='bbox 1116 3844 1379 3911; x_wconf 76' lang='lat' dir='ltr'><strong>oms</strong></span> <span class='ocrx_word' id='word_1_183' title='bbox 1427 3841 1674 3910; x_wconf 73' lang='lat' dir='ltr'><strong>Homo</strong></span> <span class='ocrx_word' id='word_1_184' title='bbox 1720 3840 2097 3909; x_wconf 60' lang='lat' dir='ltr'><strong>munus?</strong></span> <span class='ocrx_word' id='word_1_185' title='bbox 2780 3878 2835 3924; x_wconf 60' lang='grc' dir='ltr'><strong>,ο</strong></span> 
     </span>
    </p>
   </div>
   <div class='ocr_carea' id='block_1_6' title="bbox 467 3980 2830 4591">
    <p class='ocr_par' dir='ltr' id='par_1_6' title="bbox 467 3980 2830 4591">
     <span class='ocr_line' id='line_1_24' title="bbox 555 3980 2747 4065; baseline 0.001 -17"><span class='ocrx_word' id='word_1_186' title='bbox 555 3983 678 4049; x_wconf 87' lang='lat' dir='ltr'><strong>Hic</strong></span> <span class='ocrx_word' id='word_1_187' title='bbox 722 3984 1028 4051; x_wconf 82' lang='lat' dir='ltr'><strong>iustificat</strong></span> <span class='ocrx_word' id='word_1_188' title='bbox 1073 3987 1346 4051; x_wconf 86' lang='lat' dir='ltr'><strong>animam</strong></span> <span class='ocrx_word' id='word_1_189' title='bbox 1401 4003 1581 4050; x_wconf 84' lang='lat' dir='ltr'><strong>suam</strong></span> <span class='ocrx_word' id='word_1_190' title='bbox 1638 3986 1782 4048; x_wconf 82' lang='lat' dir='ltr'><strong>ante</strong></span> <span class='ocrx_word' id='word_1_191' title='bbox 1836 3984 2127 4059; x_wconf 81' lang='lat' dir='ltr'><strong>mortem,</strong></span> <span class='ocrx_word' id='word_1_192' title='bbox 2174 3980 2283 4063; x_wconf 90' lang='lat' dir='ltr'><strong>qui</strong></span> <span class='ocrx_word' id='word_1_193' title='bbox 2329 4000 2438 4065; x_wconf 91' lang='lat' dir='ltr'><strong>spe</strong></span> <span class='ocrx_word' id='word_1_194' title='bbox 2494 3982 2747 4050; x_wconf 80' lang='lat' dir='ltr'><strong>futurae</strong></span> 
     </span>
     <span class='ocr_line' id='line_1_25' title="bbox 468 4084 2746 4173; baseline 0.002 -21"><span class='ocrx_word' id='word_1_195' title='bbox 468 4088 638 4153; x_wconf 86' lang='lat' dir='ltr'><strong>uitae</strong></span> <span class='ocrx_word' id='word_1_196' title='bbox 685 4090 1093 4173; x_wconf 79' lang='lat' dir='ltr'><strong>consequitur</strong></span> <span class='ocrx_word' id='word_1_197' title='bbox 1136 4091 1343 4170; x_wconf 85' lang='lat' dir='ltr'><strong>fidem,</strong></span> <span class='ocrx_word' id='word_1_198' title='bbox 1391 4110 1468 4156; x_wconf 91' lang='lat' dir='ltr'><strong>ne</strong></span> <span class='ocrx_word' id='word_1_199' title='bbox 1515 4089 1821 4155; x_wconf 79' lang='lat' dir='ltr'><strong>moriatur</strong></span> <span class='ocrx_word' id='word_1_200' title='bbox 1864 4086 2115 4172; x_wconf 89' lang='lat' dir='ltr'><strong>impius.</strong></span> <span class='ocrx_word' id='word_1_201' title='bbox 2161 4084 2275 4153; x_wconf 87' lang='lat' dir='ltr'><strong>sed</strong></span> <span class='ocrx_word' id='word_1_202' title='bbox 2319 4084 2621 4155; x_wconf 88' lang='lat' dir='ltr'><strong>Solomon</strong></span> <span class='ocrx_word' id='word_1_203' title='bbox 2669 4089 2746 4156; x_wconf 83' lang='lat' dir='ltr'><strong>de</strong></span> 
     </span>
     <span class='ocr_line' id='line_1_26' title="bbox 470 4191 2746 4281; baseline 0 -24"><span class='ocrx_word' id='word_1_204' title='bbox 470 4212 543 4258; x_wconf 87' lang='lat' dir='ltr'><strong>eo</strong></span> <span class='ocrx_word' id='word_1_205' title='bbox 592 4193 765 4272; x_wconf 78' lang='lat' dir='ltr'><strong>dicit,</strong></span> <span class='ocrx_word' id='word_1_206' title='bbox 814 4196 921 4276; x_wconf 91' lang='lat' dir='ltr'><strong>qui</strong></span> <span class='ocrx_word' id='word_1_207' title='bbox 969 4197 1087 4261; x_wconf 89' lang='lat' dir='ltr'><strong>sub</strong></span> <span class='ocrx_word' id='word_1_208' title='bbox 1146 4196 1285 4281; x_wconf 89' lang='lat' dir='ltr'><strong>lege</strong></span> <span class='ocrx_word' id='word_1_209' title='bbox 1343 4196 1509 4262; x_wconf 77' lang='lat' dir='ltr'><strong>uiuit</strong></span> <span class='ocrx_word' id='word_1_210' title='bbox 1564 4199 1628 4260; x_wconf 80' lang='lat' dir='ltr'><strong>et</strong></span> <span class='ocrx_word' id='word_1_211' title='bbox 1682 4213 1802 4259; x_wconf 91' lang='lat' dir='ltr'><strong>non</strong></span> <span class='ocrx_word' id='word_1_212' title='bbox 1851 4193 2242 4258; x_wconf 79' lang='lat' dir='ltr'><strong>conuertitur</strong></span> <span class='ocrx_word' id='word_1_213' title='bbox 2284 4191 2470 4256; x_wconf 68' lang='lat' dir='ltr'><strong>iuste.</strong></span> <span class='ocrx_word' id='word_1_214' title='bbox 2525 4192 2746 4258; x_wconf 84' lang='lat' dir='ltr'><strong>huius-</strong></span> 
     </span>
     <span class='ocr_line' id='line_1_27' title="bbox 469 4296 2743 4385; baseline 0.001 -25"><span class='ocrx_word' id='word_1_215' title='bbox 469 4297 637 4362; x_wconf 91' lang='lat' dir='ltr'><strong>modi</strong></span> <span class='ocrx_word' id='word_1_216' title='bbox 711 4317 882 4383; x_wconf 82' lang='lat' dir='ltr'><strong>ergo‚</strong></span> <span class='ocrx_word' id='word_1_217' title='bbox 947 4299 1002 4364; x_wconf 89' lang='lat' dir='ltr'><strong>si</strong></span> <span class='ocrx_word' id='word_1_218' title='bbox 1068 4300 1341 4385; x_wconf 78' lang='lat' dir='ltr'><strong>corrigat</strong></span> <span class='ocrx_word' id='word_1_219' title='bbox 1403 4301 1685 4365; x_wconf 86' lang='lat' dir='ltr'><strong>animum</strong></span> <span class='ocrx_word' id='word_1_220' title='bbox 1751 4301 1825 4362; x_wconf 84' lang='lat' dir='ltr'><strong>ut</strong></span> <span class='ocrx_word' id='word_1_221' title='bbox 1885 4297 2169 4362; x_wconf 80' lang='lat' dir='ltr'><strong>iustitiae</strong></span> <span class='ocrx_word' id='word_1_222' title='bbox 2232 4296 2372 4361; x_wconf 86' lang='lat' dir='ltr'><strong>uias</strong></span> <span class='ocrx_word' id='word_1_223' title='bbox 2438 4297 2743 4376; x_wconf 79' lang='lat' dir='ltr'><strong>ambulet,</strong></span> 
     </span>
     <span class='ocr_line' id='line_1_28' title="bbox 469 4401 2830 4486; baseline -0 -20"><span class='ocrx_word' id='word_1_224' title='bbox 469 4401 777 4468; x_wconf 80' lang='lat' dir='ltr'><strong>iustificat</strong></span> <span class='ocrx_word' id='word_1_225' title='bbox 824 4404 1094 4468; x_wconf 85' lang='lat' dir='ltr'><strong>animam</strong></span> <span class='ocrx_word' id='word_1_226' title='bbox 1143 4425 1321 4469; x_wconf 85' lang='lat' dir='ltr'><strong>suam</strong></span> <span class='ocrx_word' id='word_1_227' title='bbox 1372 4408 1515 4470; x_wconf 83' lang='lat' dir='ltr'><strong>ante</strong></span> <span class='ocrx_word' id='word_1_228' title='bbox 1571 4409 1859 4471; x_wconf 85' lang='lat' dir='ltr'><strong>mortem.</strong></span> <span class='ocrx_word' id='word_1_229' title='bbox 1915 4401 2213 4468; x_wconf 84' lang='lat' dir='ltr'><strong>Solomon</strong></span> <span class='ocrx_word' id='word_1_230' title='bbox 2268 4403 2434 4466; x_wconf 88' lang='lat' dir='ltr'><strong>enim</strong></span> <span class='ocrx_word' id='word_1_231' title='bbox 2487 4405 2830 4486; x_wconf 63' lang='lat' dir='ltr'><strong>propter»</strong></span> 
     </span>
     <span class='ocr_line' id='line_1_29' title="bbox 467 4507 2745 4591; baseline 0.001 -20"><span class='ocrx_word' id='word_1_232' title='bbox 467 4507 773 4573; x_wconf 89' lang='lat' dir='ltr'><strong>indicium</strong></span> <span class='ocrx_word' id='word_1_233' title='bbox 821 4509 1109 4574; x_wconf 82' lang='lat' dir='ltr'><strong>futurum</strong></span> <span class='ocrx_word' id='word_1_234' title='bbox 1157 4510 1488 4576; x_wconf 88' lang='lat' dir='ltr'><strong>consilium</strong></span> <span class='ocrx_word' id='word_1_235' title='bbox 1539 4510 1732 4590; x_wconf 80' lang='lat' dir='ltr'><strong>dedit,</strong></span> <span class='ocrx_word' id='word_1_236' title='bbox 1777 4528 1854 4574; x_wconf 91' lang='lat' dir='ltr'><strong>ne</strong></span> <span class='ocrx_word' id='word_1_237' title='bbox 1901 4508 2041 4591; x_wconf 88' lang='lat' dir='ltr'><strong>quis</strong></span> <span class='ocrx_word' id='word_1_238' title='bbox 2087 4507 2424 4591; x_wconf 88' lang='lat' dir='ltr'><strong>indiligens</strong></span> <span class='ocrx_word' id='word_1_239' title='bbox 2471 4507 2642 4572; x_wconf 82' lang='lat' dir='ltr'><strong>circa</strong></span> <span class='ocrx_word' id='word_1_240' title='bbox 2675 4527 2745 4573; x_wconf 86' lang='lat' dir='ltr'><strong>se</strong></span> 
     </span>
    </p>
   </div>
   <div class='ocr_carea' id='block_1_7' title="bbox 644 4693 2740 4764">
    <p class='ocr_par' dir='ltr' id='par_1_7' title="bbox 644 4693 2740 4764">
     <span class='ocr_line' id='line_1_30' title="bbox 644 4693 2740 4764; baseline 0 -17"><span class='ocrx_word' id='word_1_241' title='bbox 644 4695 678 4747; x_wconf 91' lang='grc'><strong>4</strong></span> <span class='ocrx_word' id='word_1_242' title='bbox 716 4693 782 4748; x_wconf 77' lang='lat' dir='ltr'><strong>cs.</strong></span> <span class='ocrx_word' id='word_1_243' title='bbox 824 4693 957 4748; x_wconf 84' lang='lat' dir='ltr'><strong>Gen.</strong></span> <span class='ocrx_word' id='word_1_244' title='bbox 995 4696 1046 4764; x_wconf 84' lang='lat'><strong>2,</strong></span> <span class='ocrx_word' id='word_1_245' title='bbox 1085 4696 1170 4750; x_wconf 85' lang='lat'><strong>21.</strong></span> <span class='ocrx_word' id='word_1_246' title='bbox 1210 4695 1279 4748; x_wconf 86' lang='grc'><strong>22</strong></span> <span class='ocrx_word' id='word_1_247' title='bbox 1411 4697 1472 4751; x_wconf 94' lang='grc'><strong>11</strong></span> <span class='ocrx_word' id='word_1_248' title='bbox 1515 4696 1650 4751; x_wconf 86' lang='lat' dir='ltr'><strong>Gen.</strong></span> <span class='ocrx_word' id='word_1_249' title='bbox 1691 4697 1738 4759; x_wconf 91' lang='lat'><strong>1,</strong></span> <span class='ocrx_word' id='word_1_250' title='bbox 1776 4696 1845 4750; x_wconf 86' lang='grc'><strong>27</strong></span> <span class='ocrx_word' id='word_1_251' title='bbox 1975 4693 2039 4749; x_wconf 97' lang='grc'><strong>12</strong></span> <span class='ocrx_word' id='word_1_252' title='bbox 2076 4695 2105 4749; x_wconf 90' lang='grc' dir='ltr'>Ῑ</span> <span class='ocrx_word' id='word_1_253' title='bbox 2141 4694 2261 4752; x_wconf 79' lang='lat' dir='ltr'><strong>Cor.</strong></span> <span class='ocrx_word' id='word_1_254' title='bbox 2300 4695 2387 4761; x_wconf 84' lang='lat'><strong>11,</strong></span> <span class='ocrx_word' id='word_1_255' title='bbox 2424 4695 2456 4749; x_wconf 82' lang='lat'><strong>‘1</strong></span> <span class='ocrx_word' id='word_1_256' title='bbox 2573 4695 2638 4749; x_wconf 82' lang='lat'><strong>18</strong></span> <span class='ocrx_word' id='word_1_257' title='bbox 2676 4696 2740 4750; x_wconf 76' lang='lat' dir='ltr'><strong>ef.</strong></span> 
     </span>
    </p>
   </div>
   <div class='ocr_carea' id='block_1_8' title="bbox 468 4779 2741 4938">
    <p class='ocr_par' dir='ltr' id='par_1_8' title="bbox 468 4779 2741 4938">
     <span class='ocr_line' id='line_1_31' title="bbox 468 4779 2741 4852; baseline 0 -20"><span class='ocrx_word' id='word_1_258' title='bbox 468 4779 495 4832; x_wconf 93' lang='lat'>1</span> <span class='ocrx_word' id='word_1_259' title='bbox 533 4779 654 4837; x_wconf 89' lang='lat' dir='ltr'><strong>Cor.</strong></span> <span class='ocrx_word' id='word_1_260' title='bbox 697 4782 779 4850; x_wconf 89' lang='lat'><strong>11,</strong></span> <span class='ocrx_word' id='word_1_261' title='bbox 818 4785 851 4837; x_wconf 87' lang='grc'>6</span> <span class='ocrx_word' id='word_1_262' title='bbox 965 4784 1029 4836; x_wconf 83' lang='grc'><strong>15</strong></span> <span class='ocrx_word' id='word_1_263' title='bbox 1068 4783 1095 4836; x_wconf 93' lang='lat'>1</span> <span class='ocrx_word' id='word_1_264' title='bbox 1130 4783 1269 4838; x_wconf 86' lang='lat' dir='ltr'><strong>Tim.</strong></span> <span class='ocrx_word' id='word_1_265' title='bbox 1308 4785 1359 4852; x_wconf 83' lang='lat'><strong>2,</strong></span> <span class='ocrx_word' id='word_1_266' title='bbox 1398 4784 1465 4839; x_wconf 87' lang='lat'><strong>12</strong></span> <span class='ocrx_word' id='word_1_267' title='bbox 1576 4786 1641 4838; x_wconf 86' lang='grc'><strong>17</strong></span> <span class='ocrx_word' id='word_1_268' title='bbox 1680 4784 1845 4841; x_wconf 86' lang='lat' dir='ltr'><strong>Eccli.</strong></span> <span class='ocrx_word' id='word_1_269' title='bbox 1888 4783 1970 4852; x_wconf 86' lang='grc'><strong>14,</strong></span> <span class='ocrx_word' id='word_1_270' title='bbox 2009 4783 2093 4838; x_wconf 72' lang='grc'><strong>18.</strong></span> <span class='ocrx_word' id='word_1_271' title='bbox 2134 4785 2199 4839; x_wconf 80' lang='grc'><strong>17</strong></span> <span class='ocrx_word' id='word_1_272' title='bbox 2319 4784 2384 4839; x_wconf 85' lang='grc'><strong>19</strong></span> <span class='ocrx_word' id='word_1_273' title='bbox 2420 4783 2511 4840; x_wconf 70' lang='lat' dir='ltr'><strong>Pu.</strong></span> <span class='ocrx_word' id='word_1_274' title='bbox 2553 4782 2672 4846; x_wconf 86' lang='grc'><strong>142,</strong></span> <span class='ocrx_word' id='word_1_275' title='bbox 2708 4779 2741 4833; x_wconf 94' lang='grc'><strong>2</strong></span> 
     </span>
     <span class='ocr_line' id='line_1_32' title="bbox 470 4867 1040 4938; baseline 0.007 -17"><span class='ocrx_word' id='word_1_276' title='bbox 470 4867 539 4921; x_wconf 86' lang='grc'><strong>24</strong></span> <span class='ocrx_word' id='word_1_277' title='bbox 579 4868 646 4922; x_wconf 75' lang='lat' dir='ltr'><strong>ci.</strong></span> <span class='ocrx_word' id='word_1_278' title='bbox 683 4869 842 4924; x_wconf 87' lang='lat' dir='ltr'><strong>Pron.</strong></span> <span class='ocrx_word' id='word_1_279' title='bbox 881 4869 931 4938; x_wconf 88' lang='lat'><strong>8,</strong></span> <span class='ocrx_word' id='word_1_280' title='bbox 970 4869 1040 4925; x_wconf 90' lang='grc'><strong>20</strong></span> 
     </span>
    </p>
   </div>
   <div class='ocr_carea' id='block_1_9' title="bbox 467 4990 2748 5416">
    <p class='ocr_par' dir='ltr' id='par_1_9' title="bbox 467 4990 2748 5416">
     <span class='ocr_line' id='line_1_33' title="bbox 538 4990 2741 5061; baseline 0.001 -19"><span class='ocrx_word' id='word_1_281' title='bbox 538 4990 572 5042; x_wconf 85' lang='grc'>5</span> <span class='ocrx_word' id='word_1_282' title='bbox 608 4991 688 5058; x_wconf 83' lang='lat' dir='ltr'><strong>nt}</strong></span> <span class='ocrx_word' id='word_1_283' title='bbox 728 4995 787 5044; x_wconf 77' lang='lat' dir='ltr'><strong>et</strong></span> <span class='ocrx_word' id='word_1_284' title='bbox 819 4994 1000 5058; x_wconf 72' lang='lat' dir='ltr'><strong>(corr.)</strong></span> <span class='ocrx_word' id='word_1_285' title='bbox 1033 4991 1094 5055; x_wconf 85' lang='lat' dir='ltr'><strong>C&#39;,</strong></span> <span class='ocrx_word' id='word_1_286' title='bbox 1131 4996 1291 5059; x_wconf 81' lang='lat' dir='ltr'><strong>(corr.</strong></span> <span class='ocrx_word' id='word_1_287' title='bbox 1327 4998 1442 5061; x_wconf 62' lang='grc' dir='ltr'><strong>ΜΒ)</strong></span> <span class='ocrx_word' id='word_1_288' title='bbox 1472 4996 1524 5048; x_wconf 79' lang='grc' dir='ltr'><strong><em>Δ</em></strong></span> <span class='ocrx_word' id='word_1_289' title='bbox 1619 4995 1654 5049; x_wconf 86' lang='grc'><strong>6</strong></span> <span class='ocrx_word' id='word_1_290' title='bbox 1690 4995 1921 5049; x_wconf 79' lang='lat' dir='ltr'><strong>oriretur</strong></span> <span class='ocrx_word' id='word_1_291' title='bbox 1946 4992 2171 5048; x_wconf 82' lang='lat' dir='ltr'><strong><em>PCNX</em></strong></span> <span class='ocrx_word' id='word_1_292' title='bbox 2265 4994 2296 5046; x_wconf 78' lang='lat'><strong>7</strong></span> <span class='ocrx_word' id='word_1_293' title='bbox 2333 4992 2390 5046; x_wconf 86' lang='lat' dir='ltr'><strong>in</strong></span> <span class='ocrx_word' id='word_1_294' title='bbox 2427 4995 2484 5057; x_wconf 86' lang='lat' dir='ltr'><strong>(n</strong></span> <span class='ocrx_word' id='word_1_295' title='bbox 2519 4991 2587 5046; x_wconf 70' lang='lat' dir='ltr'><strong>in</strong></span> <span class='ocrx_word' id='word_1_296' title='bbox 2609 4994 2741 5057; x_wconf 75' lang='lat' dir='ltr'><strong>ras.)</strong></span> 
     </span>
     <span class='ocr_line' id='line_1_34' title="bbox 469 5076 2740 5153; baseline 0.001 -23"><span class='ocrx_word' id='word_1_297' title='bbox 469 5076 537 5130; x_wconf 84' lang='lat' dir='ltr'><em>N</em></span> <span class='ocrx_word' id='word_1_298' title='bbox 698 5083 756 5132; x_wconf 83' lang='lat' dir='ltr'><strong>et</strong></span> <span class='ocrx_word' id='word_1_299' title='bbox 790 5094 893 5133; x_wconf 75' lang='lat' dir='ltr'><strong>om.</strong></span> <span class='ocrx_word' id='word_1_300' title='bbox 929 5080 1081 5145; x_wconf 78' lang='lat' dir='ltr'><strong>(add.</strong></span> <span class='ocrx_word' id='word_1_301' title='bbox 1116 5098 1159 5136; x_wconf 80' lang='lat' dir='ltr'><strong>s.</strong></span> <span class='ocrx_word' id='word_1_302' title='bbox 1200 5082 1236 5136; x_wconf 87' lang='lat'><strong>1.</strong></span> <span class='ocrx_word' id='word_1_303' title='bbox 1274 5084 1370 5136; x_wconf 63' lang='lat' dir='ltr'><strong>me</strong></span> <span class='ocrx_word' id='word_1_304' title='bbox 1408 5083 1504 5153; x_wconf 80' lang='lat'>[?])</span> <span class='ocrx_word' id='word_1_305' title='bbox 1539 5083 1614 5138; x_wconf 79' lang='lat' dir='ltr'><strong><em>M</em></strong></span> <span class='ocrx_word' id='word_1_306' title='bbox 1772 5084 1837 5138; x_wconf 89' lang='grc'><strong>10</strong></span> <span class='ocrx_word' id='word_1_307' title='bbox 1876 5084 2017 5137; x_wconf 84' lang='lat' dir='ltr'><strong>enim</strong></span> <span class='ocrx_word' id='word_1_308' title='bbox 2049 5081 2174 5137; x_wconf 81' lang='lat' dir='ltr'><strong>NX</strong></span> <span class='ocrx_word' id='word_1_309' title='bbox 2325 5081 2394 5135; x_wconf 86' lang='lat'><strong>15</strong></span> <span class='ocrx_word' id='word_1_310' title='bbox 2431 5078 2641 5133; x_wconf 84' lang='lat' dir='ltr'><strong>denono</strong></span> <span class='ocrx_word' id='word_1_311' title='bbox 2682 5078 2740 5140; x_wconf 81' lang='lat'><strong>0.</strong></span> 
     </span>
     <span class='ocr_line' id='line_1_35' title="bbox 468 5165 2741 5252; baseline 0.001 -32"><span class='ocrx_word' id='word_1_312' title='bbox 468 5168 582 5234; x_wconf 76' lang='lat' dir='ltr'><strong>(pr.</strong></span> <span class='ocrx_word' id='word_1_313' title='bbox 621 5183 653 5218; x_wconf 96' lang='lat' dir='ltr'><strong>o</strong></span> <span class='ocrx_word' id='word_1_314' title='bbox 690 5172 856 5232; x_wconf 77' lang='lat' dir='ltr'><strong>eras.)</strong></span> <span class='ocrx_word' id='word_1_315' title='bbox 893 5166 954 5221; x_wconf 79' lang='lat' dir='ltr'>F</span> <span class='ocrx_word' id='word_1_316' title='bbox 1092 5168 1285 5223; x_wconf 83' lang='lat' dir='ltr'><strong>mulier</strong></span> <span class='ocrx_word' id='word_1_317' title='bbox 1320 5170 1381 5225; x_wconf 84' lang='lat' dir='ltr'><strong><em>N</em></strong></span> <span class='ocrx_word' id='word_1_318' title='bbox 1520 5174 1702 5226; x_wconf 80' lang='lat' dir='ltr'><strong>antem</strong></span> <span class='ocrx_word' id='word_1_319' title='bbox 1740 5170 1932 5226; x_wconf 87' lang='lat' dir='ltr'><strong>docere</strong></span> <span class='ocrx_word' id='word_1_320' title='bbox 1969 5186 2071 5226; x_wconf 68' lang='lat' dir='ltr'><strong>om.</strong></span> <span class='ocrx_word' id='word_1_321' title='bbox 2099 5170 2163 5224; x_wconf 81' lang='lat' dir='ltr'><strong><em>X</em></strong></span> <span class='ocrx_word' id='word_1_322' title='bbox 2267 5169 2333 5224; x_wconf 86' lang='grc'><strong>16</strong></span> <span class='ocrx_word' id='word_1_323' title='bbox 2365 5167 2649 5252; x_wconf 51' lang='lat' dir='ltr'><strong>dominare</strong></span> <span class='ocrx_word' id='word_1_324' title='bbox 2671 5165 2741 5235; x_wconf 76' lang='lat' dir='ltr'><strong>F,</strong></span> 
     </span>
     <span class='ocr_line' id='line_1_36' title="bbox 468 5253 2748 5330; baseline 0.001 -24"><span class='ocrx_word' id='word_1_325' title='bbox 468 5256 628 5316; x_wconf 78' lang='lat' dir='ltr'><strong>(cor-r.</strong></span> <span class='ocrx_word' id='word_1_326' title='bbox 675 5257 791 5321; x_wconf 63' lang='grc' dir='ltr'><strong>ΜΒ)</strong></span> <span class='ocrx_word' id='word_1_327' title='bbox 829 5254 884 5307; x_wconf 89' lang='grc' dir='ltr'><strong><em>Β</em></strong></span> <span class='ocrx_word' id='word_1_328' title='bbox 1064 5256 1131 5311; x_wconf 85' lang='grc'><strong>19</strong></span> <span class='ocrx_word' id='word_1_329' title='bbox 1176 5273 1285 5310; x_wconf 89' lang='lat' dir='ltr'><strong>non</strong></span> <span class='ocrx_word' id='word_1_330' title='bbox 1332 5273 1435 5312; x_wconf 75' lang='lat' dir='ltr'><strong>om.</strong></span> <span class='ocrx_word' id='word_1_331' title='bbox 1477 5257 1525 5312; x_wconf 86' lang='lat' dir='ltr'><em>C</em></span> <span class='ocrx_word' id='word_1_332' title='bbox 1699 5260 1770 5314; x_wconf 84' lang='grc'><strong>20</strong></span> <span class='ocrx_word' id='word_1_333' title='bbox 1806 5259 1997 5330; x_wconf 83' lang='lat' dir='ltr'><strong>omnis]</strong></span> <span class='ocrx_word' id='word_1_334' title='bbox 2046 5258 2276 5313; x_wconf 77' lang='lat' dir='ltr'><strong>hominis</strong></span> <span class='ocrx_word' id='word_1_335' title='bbox 2315 5256 2373 5326; x_wconf 82' lang='lat' dir='ltr'><strong>(h</strong></span> <span class='ocrx_word' id='word_1_336' title='bbox 2408 5257 2473 5312; x_wconf 71' lang='lat' dir='ltr'><strong>in</strong></span> <span class='ocrx_word' id='word_1_337' title='bbox 2505 5258 2645 5324; x_wconf 77' lang='lat' dir='ltr'><strong>m.)</strong></span> <span class='ocrx_word' id='word_1_338' title='bbox 2678 5253 2748 5309; x_wconf 71' lang='grc' dir='ltr'><strong><em>Π</em></strong></span> 
     </span>
     <span class='ocr_line' id='line_1_37' title="bbox 467 5338 1497 5416; baseline 0.009 -24"><span class='ocrx_word' id='word_1_339' title='bbox 467 5338 538 5394; x_wconf 83' lang='grc'><strong>28</strong></span> <span class='ocrx_word' id='word_1_340' title='bbox 574 5340 775 5395; x_wconf 77' lang='lat' dir='ltr'><strong>instate</strong></span> <span class='ocrx_word' id='word_1_341' title='bbox 811 5341 886 5396; x_wconf 79' lang='lat' dir='ltr'><strong><em>M</em></strong></span> <span class='ocrx_word' id='word_1_342' title='bbox 985 5343 1055 5397; x_wconf 82' lang='lat'><strong>26</strong></span> <span class='ocrx_word' id='word_1_343' title='bbox 1093 5343 1409 5416; x_wconf 78' lang='lat' dir='ltr'><strong>indelegens</strong></span> <span class='ocrx_word' id='word_1_344' title='bbox 1449 5346 1497 5400; x_wconf 86' lang='lat' dir='ltr'><em>C</em></span> 
     </span>
    </p>
   </div>
  </div>
 </body>
</html>
