3275 6434
673 1390 747 1463 (lep.
763 1391 964 1448 *XXX-ml
980 1393 1006 1447 ι
1370 1399 1413 1463 59

268 1584 341 1667 quie
362 1585 449 1650 euim
472 1584 619 1651 minister
639 1585 744 1652 lectus
766 1590 819 1653 est
840 1588 967 1652 setenm
990 1587 1030 1653 ed
1052 1587 1211 1653 hominem
1240 1587 1414 1674 subinger-

267 1689 354 1770 lum‚
368 1692 424 1756 cui
441 1690 641 1758 omnisciens
659 1692 848 1771 subieceret
866 1692 984 1759 idcirco
1003 1692 1082 1759 deus
1100 1694 1132 1759 in
1151 1712 1190 1760 ee
1207 1692 1415 1773 subiectione,

267 1814 330 1879 que
369 1796 479 1862 omniu
513 1796 634 1862 homini
669 1796 818 1876 subiecit,
854 1798 1007 1883 repressit
1041 1798 1209 1864 eletionem
1247 1799 1414 1882 serpentis,

267 1900 341 1983 quis
364 1907 516 1986 coeperet
537 1902 682 1969 minister
707 1921 779 1970 esse
806 1904 985 1988 superbire.
1011 1903 1182 1970 uidebatur
1208 1904 1292 1969 enim
1318 1905 1413 1971 homo

238 2006 372 2072 succus
395 2009 458 2075 sub
480 2012 637 2094 serpente,
659 2029 716 2092 per
739 2029 833 2094 quem
855 2013 986 2093 eccepto
1014 2008 1147 2077 oonsilio
1172 2010 1279 2095 legem
1308 2010 1413 2075 detem

267 2113 450 2180 contemsit
486 2115 635 2198 quonism
671 2117 778 2181 eutem
811 2117 976 2200 serpentes
1011 2115 1183 2199 prudentes
1220 2119 1306 2195 sunt,
1343 2134 1414 2181 con·

267 2215 372 2283 firmet
394 2217 426 2285 in
449 2220 615 2307 eueugelio
642 2220 790 2287 dominus
819 2220 942 2287 dicens:
971 2224 1097 2287 estote
1124 2221 1245 2286 estuti
1275 2224 1316 2287 ιι
1342 2240 1413 2287 esr-

268 2326 411 2405 pentec

308 2430 341 2495 2.
360 2430 466 2515 Igitur
478 2431 554 2516 quir
566 2432 682 2498 oleruit
699 2451 774 2499 uere
793 2436 971 2517 serpentem
987 2431 1133 2498 locutum
1153 2451 1224 2498 esse
1243 2451 1317 2498 cum
1335 2433 1414 2512 Eue,

231 2552 255 2596 ro
269 2534 348 2600 illud
377 2540 526 2621 superest
551 2541 589 2604 ιι
611 2538 818 2618 discernetur,
847 2557 885 2604 en
912 2538 1054 2623 potuerit
1080 2541 1147 2604 tem
1175 2538 1311 2624 prudens
1344 2556 1415 2605 esee

269 2644 299 2705 et
328 2645 471 2722 sstutrrs,
503 2647 540 2708 ut
576 2644 649 2711 dolo
685 2644 809 2711 tolleret
846 2663 926 2710 eem.
964 2644 992 2710 si
1028 2645 1112 2711 enirn
1149 2644 1265 2714 ceteris
1301 2643 1415 2710 bestiis

270 2746 454 2830 prudentior
484 2752 562 2827 eret
594 2768 655 2816 non
688 2753 794 2816 mmen
822 2750 1014 2828 hominibus,
1045 2750 1161 2834 quippe
1189 2769 1262 2816 cum
1291 2750 1414 2815 nullum

269 2853 383 2919 enimel
402 2854 590 2921 rutiouebile
609 2854 732 2922 sitnisi
751 2857 857 2921 homo.
876 2855 985 2938 itaque
1003 2860 1182 2939 serpentem
1202 2856 1416 2922 subtilitatem

268 2958 360 3024 istem
399 2960 609 3042 conposuisse
645 2960 833 3044 inpossibile
871 2965 930 3027 est.
972 2961 1120 3046 quemuis
1158 2962 1241 3026 enirn
1275 2959 1415 3045 prudens

237 3081 256 3122 o
269 3063 401 3142 licetur,
439 3064 495 3130 sed
532 3084 593 3132 non
629 3067 714 3132 ultre
744 3070 889 3132 naturum
922 3085 1030 3144 suem3
1055 3085 1112 3132 nec
1145 3067 1227 3133 enim
1262 3066 1418 3132 deliberet

268 3173 322 3235 eut
343 3171 506 3256 excogitet
527 3177 584 3237 eut
606 3172 776 3240 consilium
800 3173 896 3256 oepit
919 3173 1038 3240 idcirco
1063 3172 1224 3239 diabolum
1248 3191 1330 3251 esse,
1359 3173 1415 3255 qui

267 3293 320 3358 per
341 3281 521 3360 serpentem
544 3278 711 3343 mulierem
739 3279 963 3358 circumuenit,
987 3279 1119 3344 dubium
1143 3298 1203 3345 non
1229 3284 1289 3343 est
1318 3277 1415 3343 edmi·

267 3399 356 3447 scens
381 3382 467 3447 euim
491 3402 527 3449 se
550 3385 689 3466 serpenti
712 3385 780 3470 egit
801 3402 858 3468 per
879 3384 972 3449 illum
996 3385 1088 3467 quesi
1112 3404 1169 3467 per
1192 3402 1357 3469 organum,
1377 3387 1415 3450 ut

266 3505 322 3552 nec
338 3488 458 3554 mulier
475 3488 594 3555 occulti
613 3489 731 3554 dieboli
747 3490 948 3575 intellegeret
965 3489 1075 3556 dolum
1100 3491 1203 3557 sciens
1226 3488 1413 3573 prudentem

236 3611 335 3658 cesse
358 3597 549 3679 serpentem.
574 3613 610 3661 ec
633 3615 690 3678 per
716 3595 777 3661 hoe
805 3596 1010 3681 corporaliter
1038 3595 1110 3661 dete
1138 3596 1295 3663 sententie
1323 3594 1414 3677 spiri·

266 3698 374 3766 tsliter
391 3699 510 3766 cecidit
526 3701 559 3766 in
578 3705 720 3780 euterun,
739 3701 814 3785 quie
833 3703 990 3768 scntmtie
1012 3721 1101 3768 reum
1124 3705 1222 3768 tenet
1244 3721 1305 3766 non
1330 3699 1414 3765 enim

266 3797 303 3869 ιι
325 3804 457 3871 homine
479 3805 554 3873 (lete
576 3807 737 3874 sententie
759 3809 820 3886 est,
843 3811 881 3872 ιι
908 3807 1108 3873 innocentem
1137 3807 1218 3872 forte
1246 3805 1416 3889 perimeret

268 3928 320 3992 per
351 3928 491 3977 errorem
517 3916 575 3977 eut
605 3911 866 3990 melinolentiem,
894 3911 952 3977 scd
979 3931 999 3977 e
1025 3912 1096 3994 deo,
1124 3911 1179 3995 qui
1207 3911 1275 3977 lulli
1302 3910 1415 3993 utique

269 4034 326 4081 nou
349 4020 469 4101 potest,
492 4021 530 4082 ut
551 4017 710 4084 sententie
732 4018 802 4085 sius
825 4035 888 4084 nou
910 4019 1003 4085 illum
1026 4021 1144 4097 teneet,
1173 4018 1228 4102 qui
1250 4037 1324 4084 reus
1354 4020 1414 4082 cst.

236 4121 342 4204 sque
379 4123 476 4200 euim,
508 4142 581 4189 cum
613 4123 658 4191 sit
687 4122 864 4190 inuisibilis
896 4129 1034 4204 soteres,
1068 4124 1178 4190 dolum
1210 4122 1416 4209 corporeliter

272 4229 342 4313 egit,
371 4229 545 4312 corporalis
573 4228 700 4296 uidetur
732 4230 807 4295 dete
833 4230 1001 4302 sententis.
1034 4234 1073 4296 ut
1102 4230 1195 4296 illum
1228 4229 1416 4314 spirituliter

272 4337 383 4413 coest
417 4335 509 4400 ouius
540 4336 661 4401 lectum
690 4336 802 4402 elicuit
830 4335 897 4401 deri
924 4336 1125 4401 sententium.
1154 4355 1226 4401 nem
1254 4335 1415 4420 proiectus

274 4437 306 4503 de
328 4439 555 4506 secretissimis
579 4440 739 4508 ceelorum
762 4441 893 4508 sedibus
916 4440 1204 4528 inpudentissimus
1228 4444 1355 4508 setenes
1382 4441 1415 4504 in

274 4547 382 4610 terrem
405 4545 570 4613 uolututur
592 4565 723 4633 gemens
747 4566 881 4631 semper.

355 4806 607 4876 tmlols

305 4997 477 5054 entismo
494 4997 526 5052 X
596 4998 631 5053 12
647 4997 752 5053 nullum
769 4997 808 5052 Μ
872 4998 907 5054 18
926 5014 955 5052 se
975 4998 1047 5052 euim
1066 4996 1094 5051 Ρ
1163 4996 1200 5055 20
1217 4997 1374 5067 specialiter
1390 4997 1420 5051 P

278 5090 315 5141 est
327 5089 422 5158 (m.)
438 5086 602 5158 spirituliter
621 5084 646 5140 0
723 5087 760 5140 24
777 5087 832 5157 cet]
850 5102 905 5142 uon
924 5090 968 5141 cst
984 5085 1012 5140 Ρ
1094 5085 1130 5140 26
1149 5086 1219 5156 egit]
1238 5086 1317 5156 pegit
1334 5087 1417 5157 (corr.

279 5176 350 5244 regit)
368 5173 485 5246 (tregit
500 5173 558 5230 m
620 5172 655 5227 &l
674 5172 784 5228 sellcmt
801 5177 826 5241 (s
845 5174 927 5246 erus.)
945 5173 979 5228 N
1046 5173 1111 5228 ders
1130 5173 1186 5230 (Μ
1247 5174 1283 5229 29
1301 5178 1374 5229 terre
1394 5173 1419 5230 0

279 5261 430 5320 uelutstitur
447 5262 485 5334 (t)
504 5261 534 5316 P
549 5259 711 5317 uoluutstur
727 5261 765 5316 Μ
