3275 6434
1200 1429 1352 1504 οη.
1386 1430 1796 1489 xnvm-Lv.
2497 1435 2630 1502 429

345 1624 680 1689 teritorum
743 1623 1110 1690 testimonio
1174 1623 1323 1690 data
1373 1627 1526 1690 sunt
1577 1627 1645 1690 et
1693 1623 2051 1691 futurorum
2107 1642 2272 1708 quae
2326 1623 2631 1691 haberent

346 1727 638 1812 figuram.
685 1727 884 1793 futuri
931 1729 1097 1795 enim
1144 1729 1414 1809 sabbati,
1461 1729 1630 1812 quod
1674 1730 1737 1795 in
1786 1731 2053 1796 aeternis
2100 1729 2278 1796 dabit
2321 1729 2626 1813 requiem,

344 1832 552 1917 figura
577 1838 677 1899 est
704 1834 824 1899 hoc
853 1834 1210 1915 sabbatum,
1249 1834 1419 1919 quod
1445 1835 1510 1901 in
1545 1834 2006 1902 hebdomadam
2032 1834 2362 1920 impletam
2389 1834 2630 1901 factum

346 1942 477 2013 est;
525 1956 814 2004 escarum
859 1942 1075 2004 antem
1120 1940 1221 2004 lex
1264 1958 1388 2006 non
1432 1939 1497 2005 in
1543 1939 1887 2029 primordio
1932 1940 2097 2025 legis
2144 1938 2293 2005 data
2338 1942 2459 2020 est,
2517 1938 2631 2006 sed

276 2065 310 2110 s
345 2061 495 2108 cum
542 2043 701 2109 duce
746 2042 1012 2127 perfidia
1054 2044 1154 2110 dei
1201 2045 1412 2110 uerbis
1460 2049 1527 2112 et
1568 2045 1901 2130 promissis
1945 2043 2137 2111 fidem
2180 2044 2423 2111 nollent
2467 2043 2631 2124 dare,

311 2147 427 2213 -ad
465 2147 760 2215 duritiam
801 2149 1007 2216 cordis
1046 2151 1147 2217 sui
1184 2153 1561 2234 acceperunt
1596 2154 2005 2236 praecepta
2038 2169 2179 2217 non
2216 2151 2432 2231 bona,
2460 2150 2631 2217 sicut

344 2253 505 2319 dicit
548 2255 856 2338 propheta
900 2255 1275 2322 Hieremias.
1321 2256 1389 2322 id
1435 2255 1602 2322 enim
1638 2260 1856 2322 actum
1893 2259 2012 2335 est,
2052 2258 2124 2322 ut
2161 2256 2371 2324 ceruix
2409 2274 2626 2323 eorum

340 2363 733 2443 premeretur
760 2359 839 2426 ad
866 2360 1216 2442 profectum
1247 2360 1502 2427 illorum
1533 2397 1617 2410 —
1647 2361 1939 2445 superbis
1967 2362 2132 2428 enim
2163 2360 2526 2429 hominibus
2562 2367 2628 2428 et

343 2466 829 2532 contumacibus
875 2485 996 2533 non
1038 2465 1258 2532 debuit
1291 2469 1430 2533 tota
1466 2470 1752 2533 creatura
1788 2466 1995 2533 subici
2020 2504 2126 2549 —‚
2153 2471 2377 2551 postea
2414 2471 2627 2534 autem

250 2591 309 2636 ιο
342 2570 778 2636 misericordia
839 2570 936 2636 dei
1003 2571 1297 2637 ueniente
1360 2572 1606 2638 reddita
1669 2577 1769 2639 est
1818 2571 2081 2639 libertas
2146 2572 2389 2640 edendi.
2460 2572 2625 2639 unde

344 2674 504 2741 dicit
544 2675 775 2742 Petrus
820 2676 1180 2760 apostolus:
1238 2676 1418 2761 quid
1461 2677 1833 2762 inponitis
1887 2676 2149 2762 iugum
2205 2696 2427 2762 super
2480 2694 2626 2744 cer·

343 2781 584 2847 uicem
650 2783 989 2863 fratrum,
1047 2782 1243 2867 quod
1297 2802 1537 2867 neque
1593 2801 1723 2849 nos
1781 2801 2018 2867 neque
2073 2785 2327 2867 patres
2383 2782 2624 2849 nostri

343 2888 734 2970 potuimus
780 2890 1128 2972 portare?

432 3113 564 3179 LII.
611 3112 754 3180 LIII
801 3140 887 3172 =
935 3112 1288 3182 XXXVIII.
1334 3112 1701 3180 XXXVIIII

252 3379 303 3422 ιε,
338 3358 534 3424 L1111.
561 3356 653 3424 IN
684 3356 1156 3425 SAPIENTIA:
1183 3356 1352 3439 ‘QUI
1381 3356 1788 3434 CREAUIT:
1815 3354 2132 3437 INQm'r,
2162 3355 2476 3424 ‘omnm
2506 3357 2615 3424 EX

333 3464 716 3531 MATERIA
748 3463 1061 3533 mulsa·
1098 3463 1202 3530 m·
1241 3460 1875 3636 CgfjaAg-‹QUIA
1901 3462 2012 3529 EX
2040 3462 2333 3530 NIHILO
2372 3462 2617 3531 FACTI

422 3710 630 3776 Deum
677 3710 870 3776 simul
915 3710 1212 3795 confusas
1251 3708 1644 3775 substantias
1682 3727 1929 3775 creasse
1974 3708 2431 3792 scripturarum
2477 3724 2614 3772 sen·

334 3834 448 3881 sus
476 3815 765 3881 declarat
793 3815 1120 3900 permixtis
1150 3814 1368 3898 utique
1397 3814 1675 3880 tenebris
1714 3814 1873 3880 hanc
1910 3814 2345 3881 confusionem
2381 3831 2613 3895 rerum,

241 3945 299 3989 so
333 3921 400 3985 id
445 3925 547 3987 est
590 3940 752 4001 aera,
798 3939 1046 4004 aquam,
1094 3924 1324 3986 terram
1378 3919 1801 3998 tenebrosam,
1857 3919 2187 3985 materiam
2244 3917 2401 3984 dixit
2453 3917 2614 3983 inui-

334 4045 496 4105 sam,
570 4028 738 4093 sicut
797 4028 862 4093 in
930 4024 1164 4093 Genesi
1227 4026 1493 4111 legitur:
1556 4029 1763 4091 terra
1825 4027 2069 4091 autem
2146 4025 2327 4104 erat,
2389 4023 2616 4106 inquit,

335 4132 764 4198 inuisibilis
811 4137 887 4199 et
931 4132 1434 4216 inconposita.
1484 4149 1558 4196 ex
1601 4131 1722 4197 hac
1768 4150 1915 4217 ergo
1961 4128 2327 4197 confusione
2376 4127 2617 4193 creauit

334 4237 551 4304 orbem
595 4238 891 4304 instituto
935 4236 1351 4313 firmamento,
1400 4239 1478 4302 ut
1520 4237 1686 4303 intra
1735 4237 1944 4320 ipsum
1991 4237 2173 4319 aquis
2213 4233 2614 4319 congregatis

332 4343 396 4408 in
460 4362 657 4409 unum
713 4343 1023 4409 habitatio
1076 4343 1255 4409 fieret
1309 4343 1525 4429 generi
1581 4343 1877 4408 humano.
1946 4340 2264 4407 distinctis
2324 4338 2493 4406 enim
2550 4341 2616 4404 et

241 4473 297 4518 ss
330 4448 626 4515 discretis
674 4448 1050 4515 substantiis
1097 4449 1161 4514 in
1208 4466 1488 4515 concauo
1536 4448 1794 4514 domum
1841 4446 2252 4513 habitabilem
2299 4445 2472 4512 fecit.

425 4636 549 4702 LV.
600 4636 739 4702 Lvl
783 4663 869 4693 =
915 4637 1043 4704 XL.
1089 4638 1231 4705 XLI

446 4825 776 4970 G6,Ezech.
813 4828 902 4892 20,
939 4829 1010 4882 25
1122 4829 1183 4883 11
1224 4830 1344 4885 Act.
1388 4831 1470 4897 15,
1512 4829 1578 4885 10
1692 4829 1759 4885 15
1797 4828 1924 4900 Sap.
1967 4827 2050 4886 11.
2082 4826 2147 4883 18
2249 4827 2315 4882 16
2344 4826 2471 4898 Sap.
2500 4827 2550 4890 2,
2578 4825 2613 4879 2

334 4915 403 4970 21
497 4930 581 4969 cn.
623 4916 672 4978 1,
710 4917 744 4970 2

401 5037 437 5091 3
472 5038 755 5107 impletum
793 5056 831 5094 a
957 5039 988 5091 4
1028 5041 1082 5095 in
1120 5056 1224 5095 our.
1262 5058 1299 5095 a
1426 5044 1460 5097 5
1497 5039 1607 5109 dei]
1649 5039 1715 5095 de
1754 5057 1792 5095 a
1904 5040 1969 5095 13
2006 5042 2223 5111 portare
2259 5038 2534 5108 potuimus
2572 5055 2610 5091 a

334 5126 400 5179 18
436 5123 528 5181 dni
553 5127 651 5180 scd
675 5127 991 5184 rubricator
1015 5135 1213 5199 postca
1240 5129 1456 5184 errauit
1483 5126 1532 5193 Q
1560 5144 1669 5198 pro
1697 5126 1733 5181 d
1758 5129 2001 5184 scribens
2024 5129 2085 5182 in
2114 5128 2174 5184 Ι)
2284 5126 2350 5181 19
2386 5127 2611 5196 permix-

331 5220 422 5267 tus
448 5230 485 5268 a
628 5216 684 5268 in
724 5223 856 5271 ante
891 5217 1027 5272 hanc
1063 5217 1195 5272 add.
1233 5217 1295 5271 D
1416 5218 1487 5272 20
1523 5233 1648 5272 aera
1684 5233 1880 5288 aquam
1915 5217 1982 5273 Κ
2011 5232 2152 5273 aera.
2192 5215 2363 5282 Quam
2392 5215 2452 5271 Ι)
2487 5230 2615 5271 acra

333 5303 514 5371 ignem
551 5319 747 5373 aquam
774 5290 813 5359 α’
954 5305 1205 5360 tenebras
1244 5323 1281 5358 ιι
1387 5307 1453 5360 21
1495 5310 1614 5360 erat
1649 5322 1751 5361 om.
1792 5323 1827 5359 α
