<?xml version="1.0" encoding="UTF-8"?>
<!DOCTYPE html PUBLIC "-//W3C//DTD XHTML 1.0 Transitional//EN"
    "http://www.w3.org/TR/xhtml1/DTD/xhtml1-transitional.dtd">
<html xmlns="http://www.w3.org/1999/xhtml" xml:lang="en" lang="en">
 <head>
  <title>
</title>
<meta http-equiv="Content-Type" content="text/html;charset=utf-8" />
  <meta name='ocr-system' content='tesseract 3.04.00' />
  <meta name='ocr-capabilities' content='ocr_page ocr_carea ocr_par ocr_line ocrx_word'/>
</head>
<body>
  <div class='ocr_page' id='page_1' title='image "./pseudoaugustini00soutgoog/pseudoaugustini00soutgoog_0547.png"; bbox 0 0 3275 6434; ppageno 0'>
   <div class='ocr_carea' id='block_1_1' title="bbox 230 650 2220 1080">
    <p class='ocr_par' dir='ltr' id='par_1_1' title="bbox 230 650 2220 1080">
     <span class='ocr_line' id='line_1_1' title="bbox 230 650 2220 1080; baseline 0 5354"><span class='ocrx_word' id='word_1_1' title='bbox 230 650 2220 1080; x_wconf 95' lang='lat' dir='ltr'><strong> </strong></span> 
     </span>
    </p>
   </div>
   <div class='ocr_carea' id='block_1_2' title="bbox 313 1416 2662 1854">
    <p class='ocr_par' dir='ltr' id='par_1_2' title="bbox 1072 1416 2651 1481">
     <span class='ocr_line' id='line_1_2' title="bbox 1072 1416 2651 1481; baseline -0.001 -12"><span class='ocrx_word' id='word_1_2' title='bbox 1072 1416 1447 1469; x_wconf 81' lang='lat' dir='ltr'><strong>nominum</strong></span> <span class='ocrx_word' id='word_1_3' title='bbox 1502 1418 1579 1469; x_wconf 88' lang='lat' dir='ltr'><strong>et</strong></span> <span class='ocrx_word' id='word_1_4' title='bbox 1632 1430 1895 1468; x_wconf 88' lang='lat' dir='ltr'><strong>rerum.</strong></span> <span class='ocrx_word' id='word_1_5' title='bbox 2522 1417 2651 1481; x_wconf 86' lang='lat'><strong>505</strong></span> 
     </span>
    </p>

    <p class='ocr_par' dir='ltr' id='par_1_3' title="bbox 313 1604 2662 1854">
     <span class='ocr_line' id='line_1_3' title="bbox 313 1604 2662 1679; baseline -0.002 -17"><span class='ocrx_word' id='word_1_6' title='bbox 313 1608 575 1679; x_wconf 63' lang='grc' dir='ltr'><strong>Δαμίης</strong></span> <span class='ocrx_word' id='word_1_7' title='bbox 614 1608 702 1675; x_wconf 93' lang='grc'><strong>37,</strong></span> <span class='ocrx_word' id='word_1_8' title='bbox 740 1609 790 1661; x_wconf 84' lang='grc'><strong>5.</strong></span> <span class='ocrx_word' id='word_1_9' title='bbox 828 1607 915 1675; x_wconf 89' lang='grc'><strong>65,</strong></span> <span class='ocrx_word' id='word_1_10' title='bbox 957 1607 1038 1661; x_wconf 99' lang='grc'><strong>14.</strong></span> <span class='ocrx_word' id='word_1_11' title='bbox 1585 1610 1798 1673; x_wconf 70' lang='lat' dir='ltr'><strong>quaese.</strong></span> <span class='ocrx_word' id='word_1_12' title='bbox 1839 1607 1971 1660; x_wconf 85' lang='lat'>109.</span> <span class='ocrx_word' id='word_1_13' title='bbox 2007 1604 2169 1659; x_wconf 86' lang='lat' dir='ltr'><strong>Iacob</strong></span> <span class='ocrx_word' id='word_1_14' title='bbox 2213 1604 2342 1674; x_wconf 88' lang='lat' dir='ltr'><strong>quid</strong></span> <span class='ocrx_word' id='word_1_15' title='bbox 2380 1606 2662 1660; x_wconf 82' lang='lat' dir='ltr'><strong>contineat</strong></span> 
     </span>
     <span class='ocr_line' id='line_1_4' title="bbox 315 1693 2659 1767; baseline -0.002 -16"><span class='ocrx_word' id='word_1_16' title='bbox 315 1697 653 1767; x_wconf 68' lang='lat' dir='ltr'><strong>astrologia:</strong></span> <span class='ocrx_word' id='word_1_17' title='bbox 735 1694 1043 1750; x_wconf 81' lang='lat' dir='ltr'><strong>Habraham</strong></span> <span class='ocrx_word' id='word_1_18' title='bbox 1133 1693 1461 1763; x_wconf 66' lang='lat' dir='ltr'><strong>astrologiae</strong></span> <span class='ocrx_word' id='word_1_19' title='bbox 1591 1710 1721 1762; x_wconf 77' lang='lat' dir='ltr'><strong>app.</strong></span> <span class='ocrx_word' id='word_1_20' title='bbox 1767 1700 1875 1747; x_wconf 64' lang='grc' dir='ltr'><strong>καί.</strong></span> <span class='ocrx_word' id='word_1_21' title='bbox 1924 1699 2040 1747; x_wconf 72' lang='lat' dir='ltr'><strong>teet.</strong></span> <span class='ocrx_word' id='word_1_22' title='bbox 2090 1696 2185 1747; x_wconf 84' lang='grc'><strong>38.</strong></span> <span class='ocrx_word' id='word_1_23' title='bbox 2231 1694 2318 1756; x_wconf 92' lang='grc'><strong>36,</strong></span> <span class='ocrx_word' id='word_1_24' title='bbox 2369 1694 2451 1748; x_wconf 91' lang='grc'><strong>12.</strong></span> <span class='ocrx_word' id='word_1_25' title='bbox 2496 1693 2583 1748; x_wconf 98' lang='grc'><strong>21.</strong></span> <span class='ocrx_word' id='word_1_26' title='bbox 2622 1710 2659 1747; x_wconf 79' lang='lat' dir='ltr'><strong>a</strong></span> 
     </span>
     <span class='ocr_line' id='line_1_5' title="bbox 392 1780 2661 1854; baseline -0.002 -15"><span class='ocrx_word' id='word_1_27' title='bbox 392 1785 604 1854; x_wconf 86' lang='lat' dir='ltr'><strong>peritua</strong></span> <span class='ocrx_word' id='word_1_28' title='bbox 641 1784 761 1846; x_wconf 87' lang='grc'><strong>353.</strong></span> <span class='ocrx_word' id='word_1_29' title='bbox 803 1783 888 1837; x_wconf 95' lang='grc'><strong>12.</strong></span> <span class='ocrx_word' id='word_1_30' title='bbox 1589 1781 1868 1835; x_wconf 72' lang='lat' dir='ltr'><strong>sacerdote</strong></span> <span class='ocrx_word' id='word_1_31' title='bbox 1904 1781 2044 1835; x_wconf 78' lang='lat' dir='ltr'><strong>data</strong></span> <span class='ocrx_word' id='word_1_32' title='bbox 2079 1797 2140 1836; x_wconf 82' lang='lat' dir='ltr'><strong>ex</strong></span> <span class='ocrx_word' id='word_1_33' title='bbox 2170 1780 2513 1852; x_wconf 68' lang='lat' dir='ltr'><strong>delegatione</strong></span> <span class='ocrx_word' id='word_1_34' title='bbox 2543 1798 2661 1836; x_wconf 87' lang='lat' dir='ltr'><strong>uer—</strong></span> 
     </span>
    </p>
   </div>
   <div class='ocr_carea' id='block_1_3' title="bbox 318 1868 2662 2028">
    <p class='ocr_par' dir='ltr' id='par_1_4' title="bbox 318 1868 2662 2028">
     <span class='ocr_line' id='line_1_6' title="bbox 318 1868 2662 1941; baseline -0.003 -13"><span class='ocrx_word' id='word_1_35' title='bbox 318 1872 634 1941; x_wconf 78' lang='lat' dir='ltr'><strong>aatrologue</strong></span> <span class='ocrx_word' id='word_1_36' title='bbox 671 1870 823 1937; x_wconf 70' lang='lat' dir='ltr'><strong>(uide</strong></span> <span class='ocrx_word' id='word_1_37' title='bbox 855 1868 1286 1937; x_wconf 77' lang='lat' dir='ltr'><strong>mathematicae,</strong></span> <span class='ocrx_word' id='word_1_38' title='bbox 1323 1874 1462 1922; x_wconf 77' lang='lat' dir='ltr'><strong>scru-</strong></span> <span class='ocrx_word' id='word_1_39' title='bbox 1586 1869 1674 1923; x_wconf 74' lang='lat' dir='ltr'><strong>bie</strong></span> <span class='ocrx_word' id='word_1_40' title='bbox 1729 1869 2059 1924; x_wconf 71' lang='lat' dir='ltr'><strong>solemnibua</strong></span> <span class='ocrx_word' id='word_1_41' title='bbox 2105 1869 2229 1934; x_wconf 96' lang='grc'><strong>257,</strong></span> <span class='ocrx_word' id='word_1_42' title='bbox 2275 1869 2362 1923; x_wconf 91' lang='grc'><strong>21.</strong></span> <span class='ocrx_word' id='word_1_43' title='bbox 2416 1870 2662 1940; x_wconf 78' lang='lat' dir='ltr'><strong>quamuis</strong></span> 
     </span>
     <span class='ocr_line' id='line_1_7' title="bbox 391 1956 2660 2028; baseline -0.001 -14"><span class='ocrx_word' id='word_1_44' title='bbox 391 1962 590 2028; x_wconf 73' lang='lat' dir='ltr'><strong>tator-&gt;z</strong></span> <span class='ocrx_word' id='word_1_45' title='bbox 629 1958 888 2028; x_wconf 70' lang='lat' dir='ltr'><strong>astrologi</strong></span> <span class='ocrx_word' id='word_1_46' title='bbox 927 1958 1131 2012; x_wconf 88' lang='lat' dir='ltr'><strong>inimici</strong></span> <span class='ocrx_word' id='word_1_47' title='bbox 1168 1960 1298 2012; x_wconf 67' lang='lat' dir='ltr'><strong>aurit</strong></span> <span class='ocrx_word' id='word_1_48' title='bbox 1323 1956 1462 2011; x_wconf 88' lang='lat' dir='ltr'><strong>ueri·</strong></span> <span class='ocrx_word' id='word_1_49' title='bbox 1590 1957 1712 2028; x_wconf 86' lang='lat' dir='ltr'><strong>quia</strong></span> <span class='ocrx_word' id='word_1_50' title='bbox 1751 1961 1972 2012; x_wconf 71' lang='lat' dir='ltr'><strong>nanctua</strong></span> <span class='ocrx_word' id='word_1_51' title='bbox 2008 1957 2101 2025; x_wconf 84' lang='lat' dir='ltr'><strong>eit,</strong></span> <span class='ocrx_word' id='word_1_52' title='bbox 2138 1961 2331 2013; x_wconf 81' lang='lat' dir='ltr'><strong>curuat</strong></span> <span class='ocrx_word' id='word_1_53' title='bbox 2363 1961 2543 2012; x_wconf 82' lang='lat' dir='ltr'><strong>tamen</strong></span> <span class='ocrx_word' id='word_1_54' title='bbox 2574 1974 2660 2012; x_wconf 85' lang='lat' dir='ltr'><strong>ca·</strong></span> 
     </span>
    </p>
   </div>
   <div class='ocr_carea' id='block_1_4' title="bbox 318 2044 2665 2207">
    <p class='ocr_par' dir='ltr' id='par_1_5' title="bbox 318 2044 2665 2207">
     <span class='ocr_line' id='line_1_8' title="bbox 392 2044 2661 2116; baseline -0.001 -14"><span class='ocrx_word' id='word_1_55' title='bbox 392 2049 531 2102; x_wconf 82' lang='lat' dir='ltr'><strong>tatia</strong></span> <span class='ocrx_word' id='word_1_56' title='bbox 573 2049 692 2115; x_wconf 88' lang='lat'>112,</span> <span class='ocrx_word' id='word_1_57' title='bbox 726 2047 779 2100; x_wconf 94' lang='lat'><strong>4.</strong></span> <span class='ocrx_word' id='word_1_58' title='bbox 817 2046 942 2113; x_wconf 85' lang='grc'><strong>334,</strong></span> <span class='ocrx_word' id='word_1_59' title='bbox 977 2045 1029 2100; x_wconf 98' lang='grc'><strong>6.</strong></span> <span class='ocrx_word' id='word_1_60' title='bbox 1589 2049 1694 2116; x_wconf 90' lang='lat' dir='ltr'><strong>put</strong></span> <span class='ocrx_word' id='word_1_61' title='bbox 1737 2044 1807 2100; x_wconf 96' lang='lat' dir='ltr'><strong>ad</strong></span> <span class='ocrx_word' id='word_1_62' title='bbox 1862 2044 2291 2100; x_wconf 89' lang='lat' dir='ltr'><strong>benedictionem</strong></span> <span class='ocrx_word' id='word_1_63' title='bbox 2348 2045 2661 2101; x_wconf 86' lang='lat' dir='ltr'><strong>aumendam</strong></span> 
     </span>
     <span class='ocr_line' id='line_1_9' title="bbox 318 2131 2665 2207; baseline -0.002 -15"><span class='ocrx_word' id='word_1_64' title='bbox 318 2138 460 2207; x_wconf 77' lang='lat' dir='ltr'><strong>Aayr</strong></span> <span class='ocrx_word' id='word_1_65' title='bbox 494 2137 620 2201; x_wconf 86' lang='grc'><strong>433,</strong></span> <span class='ocrx_word' id='word_1_66' title='bbox 657 2135 741 2190; x_wconf 90' lang='grc'><strong>10.</strong></span> <span class='ocrx_word' id='word_1_67' title='bbox 781 2133 865 2188; x_wconf 95' lang='grc'><strong>12.</strong></span> <span class='ocrx_word' id='word_1_68' title='bbox 1589 2136 1686 2203; x_wconf 85' lang='lat' dir='ltr'><strong>(cs.</strong></span> <span class='ocrx_word' id='word_1_69' title='bbox 1722 2133 2006 2203; x_wconf 67' lang='lat' dir='ltr'><strong>Binyhom</strong></span> <span class='ocrx_word' id='word_1_70' title='bbox 2050 2131 2197 2205; x_wconf 68' lang='grc' dir='ltr'><strong>θήῃ.</strong></span> <span class='ocrx_word' id='word_1_71' title='bbox 2232 2133 2385 2189; x_wconf 77' lang='lat' dir='ltr'><strong>Eccl.</strong></span> <span class='ocrx_word' id='word_1_72' title='bbox 2430 2133 2482 2188; x_wconf 88' lang='lat'><strong>11</strong></span> <span class='ocrx_word' id='word_1_73' title='bbox 2520 2135 2570 2201; x_wconf 91' lang='grc'><strong>9,</strong></span> <span class='ocrx_word' id='word_1_74' title='bbox 2610 2133 2665 2202; x_wconf 93' lang='grc'><strong>1)</strong></span> 
     </span>
    </p>
   </div>
   <div class='ocr_carea' id='block_1_5' title="bbox 319 2220 2615 2736">
    <p class='ocr_par' dir='ltr' id='par_1_6' title="bbox 319 2220 1843 2293">
     <span class='ocr_line' id='line_1_10' title="bbox 319 2220 1843 2293; baseline -0.003 -13"><span class='ocrx_word' id='word_1_75' title='bbox 319 2225 600 2280; x_wconf 77' lang='lat' dir='ltr'><strong>Athenae:</strong></span> <span class='ocrx_word' id='word_1_76' title='bbox 632 2226 686 2277; x_wconf 89' lang='lat' dir='ltr'><strong>in</strong></span> <span class='ocrx_word' id='word_1_77' title='bbox 714 2223 838 2293; x_wconf 80' lang='lat' dir='ltr'><strong>lege</strong></span> <span class='ocrx_word' id='word_1_78' title='bbox 859 2225 1015 2276; x_wconf 86' lang='lat' dir='ltr'><strong>erant</strong></span> <span class='ocrx_word' id='word_1_79' title='bbox 1030 2220 1277 2286; x_wconf 84' lang='lat' dir='ltr'><strong>Romani,</strong></span> <span class='ocrx_word' id='word_1_80' title='bbox 1305 2237 1463 2291; x_wconf 86' lang='lat' dir='ltr'><strong>quarn</strong></span> <span class='ocrx_word' id='word_1_81' title='bbox 1591 2221 1716 2285; x_wconf 87' lang='grc'><strong>258,</strong></span> <span class='ocrx_word' id='word_1_82' title='bbox 1760 2224 1843 2277; x_wconf 88' lang='grc'><strong>14.</strong></span> 
     </span>
    </p>

    <p class='ocr_par' dir='ltr' id='par_1_7' title="bbox 395 2307 2091 2382">
     <span class='ocr_line' id='line_1_11' title="bbox 395 2307 2091 2382; baseline -0.002 -16"><span class='ocrx_word' id='word_1_83' title='bbox 395 2314 589 2382; x_wconf 85' lang='lat' dir='ltr'><strong>utique</strong></span> <span class='ocrx_word' id='word_1_84' title='bbox 626 2310 693 2365; x_wconf 91' lang='lat' dir='ltr'><strong>de</strong></span> <span class='ocrx_word' id='word_1_85' title='bbox 723 2310 950 2365; x_wconf 78' lang='lat' dir='ltr'><strong>Athenis</strong></span> <span class='ocrx_word' id='word_1_86' title='bbox 976 2307 1157 2364; x_wconf 87' lang='lat' dir='ltr'><strong>decern</strong></span> <span class='ocrx_word' id='word_1_87' title='bbox 1184 2309 1288 2362; x_wconf 88' lang='lat' dir='ltr'><strong>uiri</strong></span> <span class='ocrx_word' id='word_1_88' title='bbox 1315 2309 1466 2362; x_wconf 73' lang='lat' dir='ltr'><strong>misni</strong></span> <span class='ocrx_word' id='word_1_89' title='bbox 1524 2310 1802 2364; x_wconf 76' lang='lat' dir='ltr'><strong>Beniamin</strong></span> <span class='ocrx_word' id='word_1_90' title='bbox 1848 2311 1966 2379; x_wconf 92' lang='grc'><strong>110,</strong></span> <span class='ocrx_word' id='word_1_91' title='bbox 2002 2312 2091 2364; x_wconf 91' lang='grc'><strong>21.</strong></span> 
     </span>
    </p>

    <p class='ocr_par' dir='ltr' id='par_1_8' title="bbox 323 2394 2615 2551">
     <span class='ocr_line' id='line_1_12' title="bbox 396 2394 2615 2471; baseline -0.001 -16"><span class='ocrx_word' id='word_1_92' title='bbox 396 2404 457 2455; x_wconf 88' lang='lat' dir='ltr'><strong>et</strong></span> <span class='ocrx_word' id='word_1_93' title='bbox 481 2402 612 2471; x_wconf 80' lang='lat' dir='ltr'><strong>poet</strong></span> <span class='ocrx_word' id='word_1_94' title='bbox 638 2399 733 2453; x_wconf 92' lang='lat' dir='ltr'><strong>alii</strong></span> <span class='ocrx_word' id='word_1_95' title='bbox 762 2398 867 2453; x_wconf 80' lang='lat' dir='ltr'><strong>duo</strong></span> <span class='ocrx_word' id='word_1_96' title='bbox 897 2397 1211 2452; x_wconf 87' lang='lat' dir='ltr'><strong>adtulerant</strong></span> <span class='ocrx_word' id='word_1_97' title='bbox 1234 2394 1361 2459; x_wconf 79' lang='grc'><strong>468,</strong></span> <span class='ocrx_word' id='word_1_98' title='bbox 1379 2394 1465 2448; x_wconf 89' lang='lat'><strong>22.</strong></span> <span class='ocrx_word' id='word_1_99' title='bbox 1522 2397 1722 2452; x_wconf 77' lang='lat' dir='ltr'><strong>bestia:</strong></span> <span class='ocrx_word' id='word_1_100' title='bbox 1762 2398 1972 2453; x_wconf 61' lang='lat' dir='ltr'><strong>bestiae</strong></span> <span class='ocrx_word' id='word_1_101' title='bbox 2010 2399 2337 2469; x_wconf 71' lang='lat' dir='ltr'><strong>mitiyontur</strong></span> <span class='ocrx_word' id='word_1_102' title='bbox 2370 2398 2492 2465; x_wconf 95' lang='grc'><strong>327,</strong></span> <span class='ocrx_word' id='word_1_103' title='bbox 2536 2399 2615 2452; x_wconf 90' lang='grc'><strong>15.</strong></span> 
     </span>
     <span class='ocr_line' id='line_1_13' title="bbox 323 2483 2057 2551; baseline -0.002 -7"><span class='ocrx_word' id='word_1_104' title='bbox 323 2490 470 2544; x_wconf 81' lang='lat' dir='ltr'><strong>auia:</strong></span> <span class='ocrx_word' id='word_1_105' title='bbox 519 2488 680 2543; x_wconf 88' lang='lat' dir='ltr'><strong>multi</strong></span> <span class='ocrx_word' id='word_1_106' title='bbox 726 2488 904 2542; x_wconf 82' lang='lat' dir='ltr'><strong>auium</strong></span> <span class='ocrx_word' id='word_1_107' title='bbox 951 2501 1112 2541; x_wconf 76' lang='lat' dir='ltr'><strong>uoces</strong></span> <span class='ocrx_word' id='word_1_108' title='bbox 1158 2483 1470 2538; x_wconf 83' lang='lat' dir='ltr'><strong>diacernunt</strong></span> <span class='ocrx_word' id='word_1_109' title='bbox 1525 2485 1808 2540; x_wconf 76' lang='lat' dir='ltr'><strong>Bethleem</strong></span> <span class='ocrx_word' id='word_1_110' title='bbox 1846 2488 1931 2551; x_wconf 93' lang='grc'><strong>79,</strong></span> <span class='ocrx_word' id='word_1_111' title='bbox 1974 2488 2057 2541; x_wconf 96' lang='grc'><strong>11.</strong></span> 
     </span>
    </p>

    <p class='ocr_par' dir='ltr' id='par_1_9' title="bbox 324 2572 2115 2736">
     <span class='ocr_line' id='line_1_14' title="bbox 394 2572 2115 2641; baseline -0.003 -9"><span class='ocrx_word' id='word_1_112' title='bbox 394 2578 486 2641; x_wconf 84' lang='grc'><strong>60,</strong></span> <span class='ocrx_word' id='word_1_113' title='bbox 524 2578 574 2631; x_wconf 97' lang='grc'><strong>6.</strong></span> <span class='ocrx_word' id='word_1_114' title='bbox 1524 2572 1830 2628; x_wconf 78' lang='lat' dir='ltr'><strong>Betheabee</strong></span> <span class='ocrx_word' id='word_1_115' title='bbox 1866 2575 1988 2635; x_wconf 81' lang='lat'>431.</span> <span class='ocrx_word' id='word_1_116' title='bbox 2031 2575 2115 2629; x_wconf 83' lang='lat'>19.</span> 
     </span>
     <span class='ocr_line' id='line_1_15' title="bbox 324 2660 2096 2736; baseline -0.004 -14"><span class='ocrx_word' id='word_1_117' title='bbox 324 2668 546 2736; x_wconf 71' lang='lat' dir='ltr'><strong>auriga:</strong></span> <span class='ocrx_word' id='word_1_118' title='bbox 585 2664 796 2720; x_wconf 85' lang='lat' dir='ltr'><strong>animua</strong></span> <span class='ocrx_word' id='word_1_119' title='bbox 833 2663 988 2734; x_wconf 75' lang='lat' dir='ltr'><strong>quaei</strong></span> <span class='ocrx_word' id='word_1_120' title='bbox 1026 2661 1232 2731; x_wconf 73' lang='lat' dir='ltr'><strong>auriga,</strong></span> <span class='ocrx_word' id='word_1_121' title='bbox 1270 2663 1331 2714; x_wconf 87' lang='lat' dir='ltr'><strong>ut</strong></span> <span class='ocrx_word' id='word_1_122' title='bbox 1362 2699 1375 2712; x_wconf 94' lang='lat'>.</span> <span class='ocrx_word' id='word_1_123' title='bbox 1408 2701 1419 2712; x_wconf 94' lang='lat'>.</span> <span class='ocrx_word' id='word_1_124' title='bbox 1454 2698 1465 2710; x_wconf 95' lang='lat'>.</span> <span class='ocrx_word' id='word_1_125' title='bbox 1525 2661 1847 2731; x_wconf 78' lang='lat' dir='ltr'><strong>Betheamya</strong></span> <span class='ocrx_word' id='word_1_126' title='bbox 1884 2660 1973 2730; x_wconf 93' lang='grc'><strong>87,</strong></span> <span class='ocrx_word' id='word_1_127' title='bbox 2014 2662 2096 2716; x_wconf 92' lang='grc'><strong>15.</strong></span> 
     </span>
    </p>
   </div>
   <div class='ocr_carea' id='block_1_6' title="bbox 327 2749 2670 3520">
    <p class='ocr_par' dir='ltr' id='par_1_10' title="bbox 327 2749 2670 3520">
     <span class='ocr_line' id='line_1_16' title="bbox 398 2749 2259 2825; baseline -0.004 -15"><span class='ocrx_word' id='word_1_128' title='bbox 398 2771 595 2825; x_wconf 84' lang='lat' dir='ltr'><strong>corpue</strong></span> <span class='ocrx_word' id='word_1_129' title='bbox 631 2755 807 2823; x_wconf 77' lang='lat' dir='ltr'><strong>agitet</strong></span> <span class='ocrx_word' id='word_1_130' title='bbox 842 2751 964 2819; x_wconf 90' lang='grc'><strong>252,</strong></span> <span class='ocrx_word' id='word_1_131' title='bbox 1003 2750 1052 2804; x_wconf 92' lang='grc'><strong>3.</strong></span> <span class='ocrx_word' id='word_1_132' title='bbox 1513 2749 1861 2818; x_wconf 73' lang='lat' dir='ltr'><strong>blasphemia</strong></span> <span class='ocrx_word' id='word_1_133' title='bbox 1894 2749 2017 2812; x_wconf 82' lang='grc'><strong>446,</strong></span> <span class='ocrx_word' id='word_1_134' title='bbox 2058 2751 2124 2804; x_wconf 91' lang='grc'><strong>15</strong></span> <span class='ocrx_word' id='word_1_135' title='bbox 2161 2755 2259 2803; x_wconf 77' lang='lat' dir='ltr'><strong>etc.</strong></span> 
     </span>
     <span class='ocr_line' id='line_1_17' title="bbox 328 2835 2665 2907; baseline -0.003 -8"><span class='ocrx_word' id='word_1_136' title='bbox 328 2850 505 2900; x_wconf 78' lang='lat' dir='ltr'><strong>Auaee</strong></span> <span class='ocrx_word' id='word_1_137' title='bbox 542 2841 697 2907; x_wconf 70' lang='lat' dir='ltr'><strong>(uide</strong></span> <span class='ocrx_word' id='word_1_138' title='bbox 731 2841 884 2895; x_wconf 80' lang='lat' dir='ltr'><strong>lcaue</strong></span> <span class='ocrx_word' id='word_1_139' title='bbox 919 2839 1100 2906; x_wconf 87' lang='lat' dir='ltr'><strong>Naue)</strong></span> <span class='ocrx_word' id='word_1_140' title='bbox 1141 2838 1256 2904; x_wconf 92' lang='grc'><strong>136,</strong></span> <span class='ocrx_word' id='word_1_141' title='bbox 1295 2837 1345 2890; x_wconf 90' lang='grc'><strong>2.</strong></span> <span class='ocrx_word' id='word_1_142' title='bbox 1524 2836 1722 2891; x_wconf 73' lang='lat' dir='ltr'><strong>bonus:</strong></span> <span class='ocrx_word' id='word_1_143' title='bbox 1776 2852 1931 2891; x_wconf 87' lang='lat' dir='ltr'><strong>nemo</strong></span> <span class='ocrx_word' id='word_1_144' title='bbox 1987 2835 2248 2890; x_wconf 88' lang='lat' dir='ltr'><strong>bonorum</strong></span> <span class='ocrx_word' id='word_1_145' title='bbox 2304 2853 2434 2890; x_wconf 87' lang='lat' dir='ltr'><strong>uera</strong></span> <span class='ocrx_word' id='word_1_146' title='bbox 2487 2835 2554 2890; x_wconf 91' lang='lat' dir='ltr'><strong>de</strong></span> <span class='ocrx_word' id='word_1_147' title='bbox 2608 2853 2665 2891; x_wconf 77' lang='lat' dir='ltr'><strong>se</strong></span> 
     </span>
     <span class='ocr_line' id='line_1_18' title="bbox 327 2922 2665 2996; baseline -0.003 -11"><span class='ocrx_word' id='word_1_148' title='bbox 327 2937 623 2987; x_wconf 71' lang='lat' dir='ltr'><strong>autumnus</strong></span> <span class='ocrx_word' id='word_1_149' title='bbox 659 2929 784 2996; x_wconf 81' lang='lat'>237,</span> <span class='ocrx_word' id='word_1_150' title='bbox 821 2929 904 2983; x_wconf 84' lang='lat'><strong>16.</strong></span> <span class='ocrx_word' id='word_1_151' title='bbox 1597 2922 1866 2979; x_wconf 83' lang='lat' dir='ltr'><strong>dicentem</strong></span> <span class='ocrx_word' id='word_1_152' title='bbox 1922 2924 2105 2994; x_wconf 78' lang='lat' dir='ltr'><strong>arguit</strong></span> <span class='ocrx_word' id='word_1_153' title='bbox 2156 2924 2283 2987; x_wconf 90' lang='grc'><strong>459,</strong></span> <span class='ocrx_word' id='word_1_154' title='bbox 2341 2923 2426 2978; x_wconf 87' lang='grc'><strong>18.</strong></span> <span class='ocrx_word' id='word_1_155' title='bbox 2474 2925 2593 2987; x_wconf 86' lang='grc'><strong>136,</strong></span> <span class='ocrx_word' id='word_1_156' title='bbox 2630 2925 2665 2979; x_wconf 97' lang='grc'><strong>3</strong></span> 
     </span>
     <span class='ocr_line' id='line_1_19' title="bbox 1595 3014 1791 3068; baseline 0.005 -1"><span class='ocrx_word' id='word_1_157' title='bbox 1595 3029 1665 3067; x_wconf 76' lang='lat' dir='ltr'><strong>ee.</strong></span> <span class='ocrx_word' id='word_1_158' title='bbox 1705 3014 1791 3068; x_wconf 90' lang='grc'><strong>20.</strong></span> 
     </span>
     <span class='ocr_line' id='line_1_20' title="bbox 329 3099 2136 3177; baseline -0.003 -17"><span class='ocrx_word' id='word_1_159' title='bbox 329 3105 581 3177; x_wconf 73' lang='lat' dir='ltr'><strong>Babylon</strong></span> <span class='ocrx_word' id='word_1_160' title='bbox 618 3111 826 3174; x_wconf 73' lang='lat' dir='ltr'><strong>quom.</strong></span> <span class='ocrx_word' id='word_1_161' title='bbox 864 3106 958 3158; x_wconf 79' lang='lat'><strong>85.</strong></span> <span class='ocrx_word' id='word_1_162' title='bbox 1528 3100 1731 3155; x_wconf 73' lang='lat' dir='ltr'><strong>Brutus</strong></span> <span class='ocrx_word' id='word_1_163' title='bbox 1766 3100 1896 3155; x_wconf 68' lang='lat' dir='ltr'><strong>uide</strong></span> <span class='ocrx_word' id='word_1_164' title='bbox 1930 3099 2136 3155; x_wconf 76' lang='lat' dir='ltr'><strong>Iunius.</strong></span> 
     </span>
     <span class='ocr_line' id='line_1_21' title="bbox 330 3187 2668 3263; baseline -0.002 -15"><span class='ocrx_word' id='word_1_165' title='bbox 330 3193 666 3263; x_wconf 77' lang='lat' dir='ltr'><strong>Babyloniua</strong></span> <span class='ocrx_word' id='word_1_166' title='bbox 704 3191 825 3254; x_wconf 80' lang='grc'><strong>440,</strong></span> <span class='ocrx_word' id='word_1_167' title='bbox 866 3191 949 3245; x_wconf 90' lang='grc'><strong>10.</strong></span> <span class='ocrx_word' id='word_1_168' title='bbox 1527 3187 1724 3242; x_wconf 83' lang='lat' dir='ltr'><strong>burdo:</strong></span> <span class='ocrx_word' id='word_1_169' title='bbox 1790 3204 1906 3243; x_wconf 88' lang='lat' dir='ltr'><strong>cum</strong></span> <span class='ocrx_word' id='word_1_170' title='bbox 1975 3204 2167 3258; x_wconf 71' lang='lat' dir='ltr'><strong>corpus</strong></span> <span class='ocrx_word' id='word_1_171' title='bbox 2232 3187 2529 3258; x_wconf 78' lang='lat' dir='ltr'><strong>perfectum</strong></span> <span class='ocrx_word' id='word_1_172' title='bbox 2594 3188 2668 3244; x_wconf 86' lang='lat' dir='ltr'><strong>ait</strong></span> 
     </span>
     <span class='ocr_line' id='line_1_22' title="bbox 331 3275 2670 3348; baseline -0.002 -12"><span class='ocrx_word' id='word_1_173' title='bbox 331 3282 559 3336; x_wconf 83' lang='lat' dir='ltr'><strong>Balaam</strong></span> <span class='ocrx_word' id='word_1_174' title='bbox 612 3280 702 3345; x_wconf 84' lang='grc'><strong>84,</strong></span> <span class='ocrx_word' id='word_1_175' title='bbox 747 3281 836 3336; x_wconf 91' lang='grc'><strong>26.</strong></span> <span class='ocrx_word' id='word_1_176' title='bbox 888 3280 975 3348; x_wconf 86' lang='grc'><strong>85,</strong></span> <span class='ocrx_word' id='word_1_177' title='bbox 1021 3280 1073 3334; x_wconf 95' lang='grc'><strong>3.</strong></span> <span class='ocrx_word' id='word_1_178' title='bbox 1118 3278 1170 3333; x_wconf 92' lang='grc'><strong>6.</strong></span> <span class='ocrx_word' id='word_1_179' title='bbox 1219 3278 1337 3345; x_wconf 90' lang='grc'><strong>111,</strong></span> <span class='ocrx_word' id='word_1_180' title='bbox 1380 3276 1469 3331; x_wconf 91' lang='grc'><strong>20.</strong></span> <span class='ocrx_word' id='word_1_181' title='bbox 1596 3275 1868 3342; x_wconf 72' lang='lat' dir='ltr'><strong>membris,</strong></span> <span class='ocrx_word' id='word_1_182' title='bbox 1905 3276 2092 3330; x_wconf 84' lang='lat' dir='ltr'><strong>uolare</strong></span> <span class='ocrx_word' id='word_1_183' title='bbox 2128 3280 2311 3330; x_wconf 85' lang='lat' dir='ltr'><strong>tamen</strong></span> <span class='ocrx_word' id='word_1_184' title='bbox 2350 3292 2459 3330; x_wconf 91' lang='lat' dir='ltr'><strong>non</strong></span> <span class='ocrx_word' id='word_1_185' title='bbox 2486 3280 2670 3346; x_wconf 69' lang='lat' dir='ltr'><strong>potent</strong></span> 
     </span>
     <span class='ocr_line' id='line_1_23' title="bbox 408 3362 2667 3437; baseline -0.003 -13"><span class='ocrx_word' id='word_1_186' title='bbox 408 3371 526 3437; x_wconf 86' lang='grc'><strong>112,</strong></span> <span class='ocrx_word' id='word_1_187' title='bbox 569 3371 615 3424; x_wconf 94' lang='grc'><strong>1.</strong></span> <span class='ocrx_word' id='word_1_188' title='bbox 653 3369 776 3433; x_wconf 85' lang='grc'><strong>375,</strong></span> <span class='ocrx_word' id='word_1_189' title='bbox 817 3368 898 3422; x_wconf 90' lang='grc'><strong>18.</strong></span> <span class='ocrx_word' id='word_1_190' title='bbox 936 3367 1058 3433; x_wconf 87' lang='grc'><strong>401,</strong></span> <span class='ocrx_word' id='word_1_191' title='bbox 1097 3367 1145 3419; x_wconf 92' lang='grc'><strong>1.</strong></span> <span class='ocrx_word' id='word_1_192' title='bbox 1597 3380 1772 3434; x_wconf 83' lang='lat' dir='ltr'><strong>neque</strong></span> <span class='ocrx_word' id='word_1_193' title='bbox 1811 3368 1993 3418; x_wconf 62' lang='lat' dir='ltr'><strong>umen</strong></span> <span class='ocrx_word' id='word_1_194' title='bbox 2032 3362 2170 3418; x_wconf 73' lang='lat' dir='ltr'><strong>ferre</strong></span> <span class='ocrx_word' id='word_1_195' title='bbox 2199 3367 2458 3433; x_wconf 85' lang='lat' dir='ltr'><strong>quantum</strong></span> <span class='ocrx_word' id='word_1_196' title='bbox 2483 3368 2667 3434; x_wconf 86' lang='lat' dir='ltr'><strong>poteet</strong></span> 
     </span>
     <span class='ocr_line' id='line_1_24' title="bbox 328 3451 2059 3520; baseline -0.005 -7"><span class='ocrx_word' id='word_1_197' title='bbox 328 3459 498 3513; x_wconf 83' lang='lat' dir='ltr'><strong>Balac</strong></span> <span class='ocrx_word' id='word_1_198' title='bbox 534 3459 624 3518; x_wconf 85' lang='grc'><strong>84,</strong></span> <span class='ocrx_word' id='word_1_199' title='bbox 661 3456 749 3508; x_wconf 86' lang='grc'><strong>26.</strong></span> <span class='ocrx_word' id='word_1_200' title='bbox 792 3456 908 3520; x_wconf 87' lang='grc'><strong>111,</strong></span> <span class='ocrx_word' id='word_1_201' title='bbox 945 3455 1032 3508; x_wconf 87' lang='grc'><strong>21.</strong></span> <span class='ocrx_word' id='word_1_202' title='bbox 1597 3451 1771 3506; x_wconf 87' lang='lat' dir='ltr'><strong>burdo</strong></span> <span class='ocrx_word' id='word_1_203' title='bbox 1810 3452 1934 3515; x_wconf 84' lang='grc'><strong>376,</strong></span> <span class='ocrx_word' id='word_1_204' title='bbox 1975 3452 2059 3505; x_wconf 91' lang='grc'><strong>12.</strong></span> 
     </span>
    </p>
   </div>
   <div class='ocr_carea' id='block_1_7' title="bbox 329 3542 2673 5372">
    <p class='ocr_par' dir='ltr' id='par_1_11' title="bbox 330 3542 2668 4397">
     <span class='ocr_line' id='line_1_25' title="bbox 330 3542 1467 3615; baseline -0.004 -16"><span class='ocrx_word' id='word_1_205' title='bbox 330 3547 664 3615; x_wconf 72' lang='lat' dir='ltr'><strong>baptismum</strong></span> <span class='ocrx_word' id='word_1_206' title='bbox 682 3542 833 3611; x_wconf 73' lang='lat' dir='ltr'><strong>(uide</strong></span> <span class='ocrx_word' id='word_1_207' title='bbox 851 3545 1114 3610; x_wconf 70' lang='lat' dir='ltr'><strong>antestes)</strong></span> <span class='ocrx_word' id='word_1_208' title='bbox 1142 3547 1346 3609; x_wconf 73' lang='lat' dir='ltr'><strong>quaeat.</strong></span> <span class='ocrx_word' id='word_1_209' title='bbox 1374 3542 1467 3594; x_wconf 71' lang='lat'><strong>49.</strong></span> 
     </span>
     <span class='ocr_line' id='line_1_26' title="bbox 404 3628 2009 3697; baseline -0.004 -10"><span class='ocrx_word' id='word_1_210' title='bbox 404 3636 503 3688; x_wconf 84' lang='lat'><strong>59.</strong></span> <span class='ocrx_word' id='word_1_211' title='bbox 549 3631 808 3686; x_wconf 80' lang='lat' dir='ltr'><strong>Iohannia</strong></span> <span class='ocrx_word' id='word_1_212' title='bbox 863 3647 954 3685; x_wconf 88' lang='lat' dir='ltr'><strong>cur</strong></span> <span class='ocrx_word' id='word_1_213' title='bbox 1009 3629 1298 3683; x_wconf 77' lang='lat' dir='ltr'><strong>ceesaucrit</strong></span> <span class='ocrx_word' id='word_1_214' title='bbox 1345 3645 1470 3697; x_wconf 77' lang='lat' dir='ltr'><strong>opp.</strong></span> <span class='ocrx_word' id='word_1_215' title='bbox 1529 3628 1703 3684; x_wconf 83' lang='lat' dir='ltr'><strong>Caath</strong></span> <span class='ocrx_word' id='word_1_216' title='bbox 1743 3629 1833 3692; x_wconf 89' lang='grc'><strong>35,</strong></span> <span class='ocrx_word' id='word_1_217' title='bbox 1868 3630 1921 3683; x_wconf 99' lang='grc'><strong>4.</strong></span> <span class='ocrx_word' id='word_1_218' title='bbox 1958 3631 2009 3682; x_wconf 90' lang='grc'><strong>5.</strong></span> 
     </span>
     <span class='ocr_line' id='line_1_27' title="bbox 403 3715 2667 3787; baseline -0.002 -11"><span class='ocrx_word' id='word_1_219' title='bbox 403 3737 534 3776; x_wconf 72' lang='lat' dir='ltr'><strong>nou.</strong></span> <span class='ocrx_word' id='word_1_220' title='bbox 583 3725 696 3774; x_wconf 73' lang='lat' dir='ltr'><strong>teet.</strong></span> <span class='ocrx_word' id='word_1_221' title='bbox 746 3721 834 3772; x_wconf 82' lang='grc'><strong>18.</strong></span> <span class='ocrx_word' id='word_1_222' title='bbox 877 3716 1266 3787; x_wconf 72' lang='lat' dir='ltr'><strong>purificationis</strong></span> <span class='ocrx_word' id='word_1_223' title='bbox 1311 3730 1473 3770; x_wconf 76' lang='lat' dir='ltr'><strong>cauea</strong></span> <span class='ocrx_word' id='word_1_224' title='bbox 1528 3717 1763 3771; x_wconf 83' lang='lat' dir='ltr'><strong>caelum:</strong></span> <span class='ocrx_word' id='word_1_225' title='bbox 1812 3733 1918 3771; x_wconf 91' lang='lat' dir='ltr'><strong>non</strong></span> <span class='ocrx_word' id='word_1_226' title='bbox 1963 3717 2068 3770; x_wconf 85' lang='lat' dir='ltr'><strong>hoc</strong></span> <span class='ocrx_word' id='word_1_227' title='bbox 2113 3715 2343 3780; x_wconf 85' lang='lat' dir='ltr'><strong>carnale,</strong></span> <span class='ocrx_word' id='word_1_228' title='bbox 2391 3715 2487 3771; x_wconf 88' lang='lat' dir='ltr'><strong>aed</strong></span> <span class='ocrx_word' id='word_1_229' title='bbox 2531 3716 2667 3772; x_wconf 80' lang='lat' dir='ltr'><strong>illud</strong></span> 
     </span>
     <span class='ocr_line' id='line_1_28' title="bbox 406 3802 2665 3877; baseline -0.001 -15"><span class='ocrx_word' id='word_1_230' title='bbox 406 3813 493 3862; x_wconf 76' lang='lat' dir='ltr'><strong>est</strong></span> <span class='ocrx_word' id='word_1_231' title='bbox 528 3812 588 3862; x_wconf 88' lang='lat' dir='ltr'><strong>et</strong></span> <span class='ocrx_word' id='word_1_232' title='bbox 622 3807 829 3877; x_wconf 84' lang='lat' dir='ltr'><strong>peccati</strong></span> <span class='ocrx_word' id='word_1_233' title='bbox 858 3806 945 3865; x_wconf 85' lang='grc'><strong>95,</strong></span> <span class='ocrx_word' id='word_1_234' title='bbox 977 3805 1060 3859; x_wconf 90' lang='grc'><strong>13.</strong></span> <span class='ocrx_word' id='word_1_235' title='bbox 1087 3805 1189 3858; x_wconf 87' lang='lat' dir='ltr'><strong>hoc</strong></span> <span class='ocrx_word' id='word_1_236' title='bbox 1226 3802 1471 3857; x_wconf 73' lang='lat' dir='ltr'><strong>omnibus</strong></span> <span class='ocrx_word' id='word_1_237' title='bbox 1598 3821 1905 3875; x_wconf 74' lang='lat' dir='ltr'><strong>supernum,</strong></span> <span class='ocrx_word' id='word_1_238' title='bbox 1952 3803 2096 3875; x_wconf 86' lang='lat' dir='ltr'><strong>quod</strong></span> <span class='ocrx_word' id='word_1_239' title='bbox 2142 3805 2389 3875; x_wconf 84' lang='lat' dir='ltr'><strong>epiritale</strong></span> <span class='ocrx_word' id='word_1_240' title='bbox 2443 3810 2530 3859; x_wconf 81' lang='lat' dir='ltr'><strong>eat</strong></span> <span class='ocrx_word' id='word_1_241' title='bbox 2580 3806 2665 3869; x_wconf 91' lang='grc'><strong>22,</strong></span> 
     </span>
     <span class='ocr_line' id='line_1_29' title="bbox 405 3892 2668 3964; baseline -0.001 -14"><span class='ocrx_word' id='word_1_242' title='bbox 405 3893 565 3950; x_wconf 86' lang='lat' dir='ltr'><strong>audit</strong></span> <span class='ocrx_word' id='word_1_243' title='bbox 607 3895 700 3963; x_wconf 86' lang='lat' dir='ltr'><strong>qui</strong></span> <span class='ocrx_word' id='word_1_244' title='bbox 742 3893 1091 3964; x_wconf 70' lang='lat' dir='ltr'><strong>baptizantur</strong></span> <span class='ocrx_word' id='word_1_245' title='bbox 1132 3893 1218 3961; x_wconf 94' lang='grc'><strong>99,</strong></span> <span class='ocrx_word' id='word_1_246' title='bbox 1254 3892 1341 3946; x_wconf 89' lang='grc'><strong>22.</strong></span> <span class='ocrx_word' id='word_1_247' title='bbox 1378 3908 1473 3962; x_wconf 87' lang='lat' dir='ltr'><strong>per</strong></span> <span class='ocrx_word' id='word_1_248' title='bbox 1598 3894 1689 3948; x_wconf 91' lang='grc'><strong>20.</strong></span> <span class='ocrx_word' id='word_1_249' title='bbox 1724 3893 1792 3948; x_wconf 92' lang='lat' dir='ltr'><strong>ab</strong></span> <span class='ocrx_word' id='word_1_250' title='bbox 1838 3892 2132 3948; x_wconf 88' lang='lat' dir='ltr'><strong>occulendo</strong></span> <span class='ocrx_word' id='word_1_251' title='bbox 2178 3893 2268 3949; x_wconf 90' lang='lat' dir='ltr'><strong>uel</strong></span> <span class='ocrx_word' id='word_1_252' title='bbox 2313 3893 2535 3948; x_wconf 77' lang='lat' dir='ltr'><strong>celando</strong></span> <span class='ocrx_word' id='word_1_253' title='bbox 2573 3910 2668 3964; x_wconf 90' lang='lat' dir='ltr'><strong>ap·</strong></span> 
     </span>
     <span class='ocr_line' id='line_1_30' title="bbox 403 3981 2665 4053; baseline -0.001 -15"><span class='ocrx_word' id='word_1_254' title='bbox 403 3982 733 4052; x_wconf 86' lang='lat' dir='ltr'><strong>baptiamum</strong></span> <span class='ocrx_word' id='word_1_255' title='bbox 771 3981 955 4035; x_wconf 89' lang='lat' dir='ltr'><strong>omnia</strong></span> <span class='ocrx_word' id='word_1_256' title='bbox 981 3981 1325 4035; x_wconf 82' lang='lat' dir='ltr'><strong>remittentur</strong></span> <span class='ocrx_word' id='word_1_257' title='bbox 1349 3996 1470 4049; x_wconf 90' lang='lat' dir='ltr'><strong>pec·</strong></span> <span class='ocrx_word' id='word_1_258' title='bbox 1598 3982 1862 4053; x_wconf 74' lang='lat' dir='ltr'><strong>pellatam</strong></span> <span class='ocrx_word' id='word_1_259' title='bbox 1903 3987 1989 4035; x_wconf 77' lang='lat' dir='ltr'><strong>eet</strong></span> <span class='ocrx_word' id='word_1_260' title='bbox 2024 3982 2228 4036; x_wconf 84' lang='lat' dir='ltr'><strong>caelum</strong></span> <span class='ocrx_word' id='word_1_261' title='bbox 2267 3982 2389 4048; x_wconf 89' lang='grc'><strong>236,</strong></span> <span class='ocrx_word' id='word_1_262' title='bbox 2429 3983 2514 4036; x_wconf 91' lang='grc'><strong>10.</strong></span> <span class='ocrx_word' id='word_1_263' title='bbox 2539 3982 2665 4051; x_wconf 89' lang='grc'><strong>379,</strong></span> 
     </span>
     <span class='ocr_line' id='line_1_31' title="bbox 403 4067 1804 4137; baseline 0 -13"><span class='ocrx_word' id='word_1_264' title='bbox 403 4074 530 4125; x_wconf 84' lang='lat' dir='ltr'><strong>cata</strong></span> <span class='ocrx_word' id='word_1_265' title='bbox 582 4068 707 4136; x_wconf 90' lang='grc'><strong>209,</strong></span> <span class='ocrx_word' id='word_1_266' title='bbox 764 4070 846 4122; x_wconf 96' lang='grc'><strong>17.</strong></span> <span class='ocrx_word' id='word_1_267' title='bbox 901 4069 1150 4137; x_wconf 69' lang='lat' dir='ltr'><strong>(tinctoa)</strong></span> <span class='ocrx_word' id='word_1_268' title='bbox 1206 4067 1328 4130; x_wconf 87' lang='lat'>220,</span> <span class='ocrx_word' id='word_1_269' title='bbox 1387 4067 1470 4122; x_wconf 89' lang='grc'><strong>15.</strong></span> <span class='ocrx_word' id='word_1_270' title='bbox 1603 4072 1667 4124; x_wconf 95' lang='grc'><strong>17</strong></span> <span class='ocrx_word' id='word_1_271' title='bbox 1707 4078 1804 4126; x_wconf 73' lang='lat' dir='ltr'><strong>etc.</strong></span> 
     </span>
     <span class='ocr_line' id='line_1_32' title="bbox 404 4155 2668 4228; baseline -0 -17"><span class='ocrx_word' id='word_1_272' title='bbox 404 4156 799 4211; x_wconf 83' lang='lat' dir='ltr'><strong>ordinationem</strong></span> <span class='ocrx_word' id='word_1_273' title='bbox 839 4155 1187 4226; x_wconf 70' lang='lat' dir='ltr'><strong>baptismatis</strong></span> <span class='ocrx_word' id='word_1_274' title='bbox 1223 4155 1290 4209; x_wconf 89' lang='lat' dir='ltr'><strong>ad</strong></span> <span class='ocrx_word' id='word_1_275' title='bbox 1327 4155 1470 4210; x_wconf 86' lang='lat' dir='ltr'><strong>aalu·</strong></span> <span class='ocrx_word' id='word_1_276' title='bbox 1529 4158 1663 4214; x_wconf 88' lang='lat' dir='ltr'><strong>Cain</strong></span> <span class='ocrx_word' id='word_1_277' title='bbox 1701 4165 1910 4228; x_wconf 70' lang='lat' dir='ltr'><strong>quaest.</strong></span> <span class='ocrx_word' id='word_1_278' title='bbox 1938 4161 1992 4211; x_wconf 74' lang='lat'><strong>5.</strong></span> <span class='ocrx_word' id='word_1_279' title='bbox 2027 4162 2167 4212; x_wconf 83' lang='grc'><strong>6.-</strong></span> <span class='ocrx_word' id='word_1_280' title='bbox 2191 4158 2310 4226; x_wconf 94' lang='grc'><strong>137,</strong></span> <span class='ocrx_word' id='word_1_281' title='bbox 2343 4159 2426 4212; x_wconf 92' lang='grc'><strong>19.</strong></span> <span class='ocrx_word' id='word_1_282' title='bbox 2457 4159 2576 4224; x_wconf 84' lang='grc'><strong>151,</strong></span> <span class='ocrx_word' id='word_1_283' title='bbox 2614 4158 2668 4211; x_wconf 92' lang='grc'><strong>2.</strong></span> 
     </span>
     <span class='ocr_line' id='line_1_33' title="bbox 404 4244 2668 4314; baseline -0.001 -14"><span class='ocrx_word' id='word_1_284' title='bbox 404 4251 517 4300; x_wconf 86' lang='lat' dir='ltr'><strong>tem</strong></span> <span class='ocrx_word' id='word_1_285' title='bbox 591 4244 868 4300; x_wconf 80' lang='lat' dir='ltr'><strong>homiuum</strong></span> <span class='ocrx_word' id='word_1_286' title='bbox 941 4248 1276 4314; x_wconf 80' lang='lat' dir='ltr'><strong>procuratam</strong></span> <span class='ocrx_word' id='word_1_287' title='bbox 1350 4245 1472 4314; x_wconf 84' lang='grc'><strong>437,</strong></span> <span class='ocrx_word' id='word_1_288' title='bbox 1601 4249 1687 4302; x_wconf 91' lang='grc'><strong>11.</strong></span> <span class='ocrx_word' id='word_1_289' title='bbox 1745 4247 1829 4300; x_wconf 88' lang='grc'><strong>13.</strong></span> <span class='ocrx_word' id='word_1_290' title='bbox 1887 4247 2006 4310; x_wconf 88' lang='grc'><strong>188,</strong></span> <span class='ocrx_word' id='word_1_291' title='bbox 2062 4247 2115 4300; x_wconf 92' lang='grc'><strong>6.</strong></span> <span class='ocrx_word' id='word_1_292' title='bbox 2172 4246 2257 4300; x_wconf 92' lang='grc'><strong>11.</strong></span> <span class='ocrx_word' id='word_1_293' title='bbox 2314 4245 2398 4299; x_wconf 93' lang='grc'><strong>17.</strong></span> <span class='ocrx_word' id='word_1_294' title='bbox 2444 4246 2566 4310; x_wconf 91' lang='grc'><strong>226,</strong></span> <span class='ocrx_word' id='word_1_295' title='bbox 2615 4245 2668 4299; x_wconf 94' lang='grc'><strong>3.</strong></span> 
     </span>
     <span class='ocr_line' id='line_1_34' title="bbox 404 4334 1851 4397; baseline 0.001 -10"><span class='ocrx_word' id='word_1_296' title='bbox 404 4334 475 4389; x_wconf 91' lang='grc'><strong>26</strong></span> <span class='ocrx_word' id='word_1_297' title='bbox 513 4339 608 4388; x_wconf 77' lang='lat' dir='ltr'><strong>etc.</strong></span> <span class='ocrx_word' id='word_1_298' title='bbox 1599 4335 1723 4397; x_wconf 91' lang='grc'><strong>282,</strong></span> <span class='ocrx_word' id='word_1_299' title='bbox 1767 4336 1851 4389; x_wconf 91' lang='grc'><strong>11.</strong></span> 
     </span>
    </p>

    <p class='ocr_par' dir='ltr' id='par_1_12' title="bbox 329 4419 2671 4843">
     <span class='ocr_line' id='line_1_35' title="bbox 329 4419 2669 4491; baseline -0 -15"><span class='ocrx_word' id='word_1_300' title='bbox 329 4421 623 4476; x_wconf 70' lang='lat' dir='ltr'><strong>barbarae:</strong></span> <span class='ocrx_word' id='word_1_301' title='bbox 671 4421 719 4474; x_wconf 81' lang='lat' dir='ltr'><strong>ai</strong></span> <span class='ocrx_word' id='word_1_302' title='bbox 764 4421 887 4490; x_wconf 84' lang='lat' dir='ltr'><strong>quie</strong></span> <span class='ocrx_word' id='word_1_303' title='bbox 932 4420 1056 4474; x_wconf 88' lang='lat' dir='ltr'><strong>uult</strong></span> <span class='ocrx_word' id='word_1_304' title='bbox 1095 4420 1151 4474; x_wconf 87' lang='lat' dir='ltr'><strong>in</strong></span> <span class='ocrx_word' id='word_1_305' title='bbox 1197 4422 1344 4474; x_wconf 87' lang='lat' dir='ltr'><strong>terra</strong></span> <span class='ocrx_word' id='word_1_306' title='bbox 1377 4436 1475 4474; x_wconf 85' lang='lat' dir='ltr'><strong>aua</strong></span> <span class='ocrx_word' id='word_1_307' title='bbox 1530 4421 1789 4491; x_wconf 76' lang='lat' dir='ltr'><strong>Caiphae:</strong></span> <span class='ocrx_word' id='word_1_308' title='bbox 1855 4420 2171 4475; x_wconf 74' lang='lat' dir='ltr'><strong>interfector</strong></span> <span class='ocrx_word' id='word_1_309' title='bbox 2234 4419 2520 4475; x_wconf 71' lang='lat' dir='ltr'><strong>saluatoris</strong></span> <span class='ocrx_word' id='word_1_310' title='bbox 2580 4421 2669 4487; x_wconf 87' lang='grc'><strong>36,</strong></span> 
     </span>
     <span class='ocr_line' id='line_1_36' title="bbox 405 4507 2536 4580; baseline -0 -15"><span class='ocrx_word' id='word_1_311' title='bbox 405 4510 667 4565; x_wconf 74' lang='lat' dir='ltr'><strong>barbaro·</strong></span> <span class='ocrx_word' id='word_1_312' title='bbox 722 4507 983 4576; x_wconf 83' lang='lat' dir='ltr'><strong>decipere,</strong></span> <span class='ocrx_word' id='word_1_313' title='bbox 1035 4507 1273 4562; x_wconf 87' lang='lat' dir='ltr'><strong>inmutat</strong></span> <span class='ocrx_word' id='word_1_314' title='bbox 1314 4524 1373 4562; x_wconf 91' lang='lat' dir='ltr'><strong>ae</strong></span> <span class='ocrx_word' id='word_1_315' title='bbox 1417 4507 1473 4561; x_wconf 89' lang='lat' dir='ltr'><strong>in</strong></span> <span class='ocrx_word' id='word_1_316' title='bbox 1603 4512 1687 4564; x_wconf 83' lang='lat'>14.</span> <span class='ocrx_word' id='word_1_317' title='bbox 1725 4508 1967 4580; x_wconf 74' lang='lat' dir='ltr'><strong>pontifex</strong></span> <span class='ocrx_word' id='word_1_318' title='bbox 2009 4509 2131 4575; x_wconf 88' lang='grc'><strong>165,</strong></span> <span class='ocrx_word' id='word_1_319' title='bbox 2170 4510 2250 4562; x_wconf 90' lang='grc'><strong>11.</strong></span> <span class='ocrx_word' id='word_1_320' title='bbox 2293 4509 2411 4576; x_wconf 91' lang='grc'><strong>196,</strong></span> <span class='ocrx_word' id='word_1_321' title='bbox 2453 4509 2536 4564; x_wconf 94' lang='grc'><strong>13.</strong></span> 
     </span>
     <span class='ocr_line' id='line_1_37' title="bbox 404 4596 1949 4665; baseline -0.003 -12"><span class='ocrx_word' id='word_1_322' title='bbox 404 4598 599 4653; x_wconf 80' lang='lat' dir='ltr'><strong>babitu</strong></span> <span class='ocrx_word' id='word_1_323' title='bbox 652 4597 884 4660; x_wconf 86' lang='lat' dir='ltr'><strong>illorum,</strong></span> <span class='ocrx_word' id='word_1_324' title='bbox 939 4599 1002 4649; x_wconf 89' lang='lat' dir='ltr'><strong>ut</strong></span> <span class='ocrx_word' id='word_1_325' title='bbox 1056 4601 1277 4665; x_wconf 85' lang='lat' dir='ltr'><strong>putetur</strong></span> <span class='ocrx_word' id='word_1_326' title='bbox 1338 4612 1474 4649; x_wconf 86' lang='lat' dir='ltr'><strong>unua</strong></span> <span class='ocrx_word' id='word_1_327' title='bbox 1531 4596 1699 4655; x_wconf 82' lang='lat' dir='ltr'><strong>Caleb</strong></span> <span class='ocrx_word' id='word_1_328' title='bbox 1741 4597 1861 4664; x_wconf 93' lang='grc'><strong>136,</strong></span> <span class='ocrx_word' id='word_1_329' title='bbox 1901 4598 1949 4651; x_wconf 94' lang='grc'><strong>1.</strong></span> 
     </span>
     <span class='ocr_line' id='line_1_38' title="bbox 407 4681 2671 4755; baseline -0.001 -14"><span class='ocrx_word' id='word_1_330' title='bbox 407 4704 470 4741; x_wconf 86' lang='lat' dir='ltr'><strong>ex</strong></span> <span class='ocrx_word' id='word_1_331' title='bbox 516 4685 624 4751; x_wconf 80' lang='lat' dir='ltr'><strong>hia,</strong></span> <span class='ocrx_word' id='word_1_332' title='bbox 671 4689 728 4740; x_wconf 88' lang='lat' dir='ltr'><strong>et</strong></span> <span class='ocrx_word' id='word_1_333' title='bbox 780 4685 860 4739; x_wconf 82' lang='lat' dir='ltr'><strong>aie</strong></span> <span class='ocrx_word' id='word_1_334' title='bbox 913 4684 1157 4755; x_wconf 80' lang='lat' dir='ltr'><strong>explorat</strong></span> <span class='ocrx_word' id='word_1_335' title='bbox 1207 4681 1475 4752; x_wconf 81' lang='lat' dir='ltr'><strong>quomodo</strong></span> <span class='ocrx_word' id='word_1_336' title='bbox 1530 4685 1822 4740; x_wconf 85' lang='lat' dir='ltr'><strong>calumnia:</strong></span> <span class='ocrx_word' id='word_1_337' title='bbox 1878 4682 1975 4738; x_wconf 81' lang='lat' dir='ltr'><strong>aed</strong></span> <span class='ocrx_word' id='word_1_338' title='bbox 2031 4683 2137 4737; x_wconf 85' lang='lat' dir='ltr'><strong>iam</strong></span> <span class='ocrx_word' id='word_1_339' title='bbox 2184 4688 2362 4738; x_wconf 77' lang='lat' dir='ltr'><strong>ceeaet</strong></span> <span class='ocrx_word' id='word_1_340' title='bbox 2404 4684 2671 4738; x_wconf 84' lang='lat' dir='ltr'><strong>calumnia</strong></span> 
     </span>
     <span class='ocr_line' id='line_1_39' title="bbox 404 4770 1846 4843; baseline -0.003 -14"><span class='ocrx_word' id='word_1_341' title='bbox 404 4773 533 4829; x_wconf 81' lang='lat' dir='ltr'><strong>illoe&#39;</strong></span> <span class='ocrx_word' id='word_1_342' title='bbox 569 4773 852 4828; x_wconf 84' lang='lat' dir='ltr'><strong>eubuertat</strong></span> <span class='ocrx_word' id='word_1_343' title='bbox 891 4774 1015 4840; x_wconf 89' lang='lat'>141,</span> <span class='ocrx_word' id='word_1_344' title='bbox 1036 4772 1122 4826; x_wconf 90' lang='grc'><strong>25.</strong></span> <span class='ocrx_word' id='word_1_345' title='bbox 1159 4771 1281 4838; x_wconf 87' lang='grc'><strong>323,</strong></span> <span class='ocrx_word' id='word_1_346' title='bbox 1316 4770 1404 4824; x_wconf 92' lang='grc'><strong>25.</strong></span> <span class='ocrx_word' id='word_1_347' title='bbox 1598 4775 1724 4843; x_wconf 90' lang='grc'><strong>391,</strong></span> <span class='ocrx_word' id='word_1_348' title='bbox 1760 4774 1846 4827; x_wconf 93' lang='grc'><strong>26.</strong></span> 
     </span>
    </p>

    <p class='ocr_par' dir='ltr' id='par_1_13' title="bbox 334 4861 2018 4929">
     <span class='ocr_line' id='line_1_40' title="bbox 334 4861 2018 4929; baseline -0.002 -11"><span class='ocrx_word' id='word_1_349' title='bbox 334 4862 614 4918; x_wconf 82' lang='lat' dir='ltr'><strong>Barnabae</strong></span> <span class='ocrx_word' id='word_1_350' title='bbox 651 4863 738 4929; x_wconf 88' lang='grc'><strong>52,</strong></span> <span class='ocrx_word' id='word_1_351' title='bbox 773 4862 827 4918; x_wconf 90' lang='grc'><strong>8.</strong></span> <span class='ocrx_word' id='word_1_352' title='bbox 1531 4863 1768 4917; x_wconf 72' lang='lat' dir='ltr'><strong>camelus</strong></span> <span class='ocrx_word' id='word_1_353' title='bbox 1804 4861 1928 4926; x_wconf 86' lang='grc'><strong>326,</strong></span> <span class='ocrx_word' id='word_1_354' title='bbox 1970 4863 2018 4915; x_wconf 91' lang='grc'><strong>1.</strong></span> 
     </span>
    </p>

    <p class='ocr_par' dir='ltr' id='par_1_14' title="bbox 335 4949 2115 5021">
     <span class='ocr_line' id='line_1_41' title="bbox 335 4949 2115 5021; baseline -0.001 -16"><span class='ocrx_word' id='word_1_355' title='bbox 335 4950 553 5005; x_wconf 76' lang='lat' dir='ltr'><strong>Baruclr</strong></span> <span class='ocrx_word' id='word_1_356' title='bbox 588 4951 678 5006; x_wconf 91' lang='lat'><strong>41.</strong></span> <span class='ocrx_word' id='word_1_357' title='bbox 719 4950 801 5004; x_wconf 91' lang='grc'><strong>17.</strong></span> <span class='ocrx_word' id='word_1_358' title='bbox 1533 4950 1830 5021; x_wconf 86' lang='lat' dir='ltr'><strong>Campania</strong></span> <span class='ocrx_word' id='word_1_359' title='bbox 1865 4949 1989 5016; x_wconf 85' lang='grc'><strong>343,</strong></span> <span class='ocrx_word' id='word_1_360' title='bbox 2026 4949 2115 5003; x_wconf 91' lang='grc'><strong>20.</strong></span> 
     </span>
    </p>

    <p class='ocr_par' dir='ltr' id='par_1_15' title="bbox 334 5035 2673 5282">
     <span class='ocr_line' id='line_1_42' title="bbox 334 5035 2673 5106; baseline -0.001 -14"><span class='ocrx_word' id='word_1_361' title='bbox 334 5038 567 5092; x_wconf 82' lang='lat' dir='ltr'><strong>bellum:</strong></span> <span class='ocrx_word' id='word_1_362' title='bbox 615 5036 895 5092; x_wconf 86' lang='lat' dir='ltr'><strong>Iudaicum</strong></span> <span class='ocrx_word' id='word_1_363' title='bbox 943 5037 1064 5105; x_wconf 90' lang='grc'><strong>227,</strong></span> <span class='ocrx_word' id='word_1_364' title='bbox 1104 5036 1190 5092; x_wconf 91' lang='grc'><strong>18.</strong></span> <span class='ocrx_word' id='word_1_365' title='bbox 1226 5037 1312 5092; x_wconf 91' lang='grc'><strong>20.</strong></span> <span class='ocrx_word' id='word_1_366' title='bbox 1351 5035 1474 5096; x_wconf 87' lang='lat'>228,</span> <span class='ocrx_word' id='word_1_367' title='bbox 1533 5039 1679 5092; x_wconf 83' lang='lat' dir='ltr'><strong>cania</strong></span> <span class='ocrx_word' id='word_1_368' title='bbox 1744 5037 1895 5102; x_wconf 68' lang='lat' dir='ltr'><strong>(uide</strong></span> <span class='ocrx_word' id='word_1_369' title='bbox 1958 5036 2212 5104; x_wconf 68' lang='lat' dir='ltr'><strong>latratus)</strong></span> <span class='ocrx_word' id='word_1_370' title='bbox 2283 5040 2371 5100; x_wconf 90' lang='lat'><strong>(=</strong></span> <span class='ocrx_word' id='word_1_371' title='bbox 2427 5035 2673 5106; x_wconf 80' lang='lat' dir='ltr'><strong>gentilia)</strong></span> 
     </span>
     <span class='ocr_line' id='line_1_43' title="bbox 411 5124 1946 5195; baseline 0 -15"><span class='ocrx_word' id='word_1_372' title='bbox 411 5127 496 5180; x_wconf 93' lang='grc'><strong>19.</strong></span> <span class='ocrx_word' id='word_1_373' title='bbox 560 5126 674 5179; x_wconf 84' lang='lat' dir='ltr'><strong>rixa</strong></span> <span class='ocrx_word' id='word_1_374' title='bbox 734 5125 910 5195; x_wconf 75' lang='lat' dir='ltr'><strong>magia</strong></span> <span class='ocrx_word' id='word_1_375' title='bbox 972 5124 1236 5193; x_wconf 70' lang='lat' dir='ltr'><strong>(aubouda‘</strong></span> <span class='ocrx_word' id='word_1_376' title='bbox 1297 5129 1478 5195; x_wconf 85' lang='lat' dir='ltr'><strong>quam)</strong></span> <span class='ocrx_word' id='word_1_377' title='bbox 1603 5131 1811 5195; x_wconf 63' lang='lat' dir='ltr'><strong>quaeat.</strong></span> <span class='ocrx_word' id='word_1_378' title='bbox 1852 5128 1946 5180; x_wconf 86' lang='lat'><strong>39.</strong></span> 
     </span>
     <span class='ocr_line' id='line_1_44' title="bbox 407 5208 2668 5282; baseline -0.001 -14"><span class='ocrx_word' id='word_1_379' title='bbox 407 5213 610 5268; x_wconf 84' lang='lat' dir='ltr'><strong>bellum</strong></span> <span class='ocrx_word' id='word_1_380' title='bbox 650 5213 772 5276; x_wconf 85' lang='grc'><strong>230.</strong></span> <span class='ocrx_word' id='word_1_381' title='bbox 810 5213 861 5267; x_wconf 92' lang='grc'><strong>8.</strong></span> <span class='ocrx_word' id='word_1_382' title='bbox 1534 5219 1750 5269; x_wconf 74' lang='lat' dir='ltr'><strong>cantus:</strong></span> <span class='ocrx_word' id='word_1_383' title='bbox 1796 5217 1928 5267; x_wconf 80' lang='lat' dir='ltr'><strong>aunt</strong></span> <span class='ocrx_word' id='word_1_384' title='bbox 1962 5210 2055 5281; x_wconf 86' lang='lat' dir='ltr'><strong>qui</strong></span> <span class='ocrx_word' id='word_1_385' title='bbox 2091 5208 2421 5282; x_wconf 72' lang='lat' dir='ltr'><strong>intellegant</strong></span> <span class='ocrx_word' id='word_1_386' title='bbox 2456 5216 2668 5266; x_wconf 78' lang='lat' dir='ltr'><strong>cantum</strong></span> 
     </span>
    </p>

    <p class='ocr_par' dir='ltr' id='par_1_16' title="bbox 339 5299 2085 5372">
     <span class='ocr_line' id='line_1_45' title="bbox 339 5299 2085 5372; baseline -0.003 -15"><span class='ocrx_word' id='word_1_387' title='bbox 339 5301 649 5357; x_wconf 81' lang='lat' dir='ltr'><strong>benedictio</strong></span> <span class='ocrx_word' id='word_1_388' title='bbox 729 5301 879 5367; x_wconf 74' lang='lat' dir='ltr'><strong>(uide</strong></span> <span class='ocrx_word' id='word_1_389' title='bbox 957 5299 1162 5372; x_wconf 74' lang='lat' dir='ltr'><strong>regula,</strong></span> <span class='ocrx_word' id='word_1_390' title='bbox 1233 5299 1479 5370; x_wconf 81' lang='lat' dir='ltr'><strong>traditio)</strong></span> <span class='ocrx_word' id='word_1_391' title='bbox 1605 5302 1873 5372; x_wconf 80' lang='lat' dir='ltr'><strong>pullorum</strong></span> <span class='ocrx_word' id='word_1_392' title='bbox 1909 5300 1996 5361; x_wconf 88' lang='grc'><strong>60.</strong></span> <span class='ocrx_word' id='word_1_393' title='bbox 2032 5299 2085 5352; x_wconf 97' lang='grc'><strong>4.</strong></span> 
     </span>
    </p>
   </div>
  </div>
 </body>
</html>
