3275 6434
1335 1436 1487 1507 Cap.
1525 1434 1734 1492 CXIIII
1772 1435 1998 1492 13-18.
2664 1440 2792 1504 311

519 1667 613 1680 —
659 1629 830 1714 quod
866 1648 987 1696 non
1023 1630 1184 1696 latet
1224 1667 1314 1678 —
1358 1630 1629 1695 diuersis
1676 1630 1870 1696 inlusi
1905 1630 2298 1696 unitatibus
2343 1630 2581 1696 nullam
2618 1650 2797 1716 spem

514 1736 756 1803 salutis
783 1735 1182 1821 agnouimus.
1219 1736 1373 1819 quid
1401 1736 1569 1801 enim
1597 1741 1844 1819 poterat
1866 1735 2168 1820 prodesse
2194 1754 2297 1802 res
2327 1736 2405 1802 ab
2435 1736 2798 1803 bominibus

519 1841 832 1908 inuenta?
889 1845 962 1905 ut
1003 1844 1216 1907 autem
1260 1841 1343 1906 ad
1384 1840 1570 1907 fidem
1618 1840 1722 1906 dei
1766 1841 2208 1907 accederemus
2272 1844 2342 1907 et
2390 1840 2594 1908 fllium
2653 1841 2793 1909 eius

518 1947 917 2015 incarnatum
963 1950 1030 2013 et
1073 1947 1245 2014 cruci
1288 1946 1481 2012 fixum
1519 1946 1939 2023 crederemus,
1976 1965 2098 2013 non
2135 1946 2351 2013 uerbis
2398 1965 2661 2014 suasum
2698 1950 2802 2014 est

447 2073 486 2120 ⁸
521 2053 730 2130 nobis,
786 2051 898 2118 sed
948 2052 1162 2119 rebus.
1215 2051 1498 2118 uidimus
1553 2053 1719 2118 enim
1784 2055 2069 2118 mortuos
2133 2052 2462 2134 excitatos,
2511 2052 2801 2137 leprosos

521 2158 885 2237 mundatos,
954 2176 1139 2224 caeco
1202 2161 1350 2224 nato
1417 2157 1637 2225 oculos
1700 2159 2055 2236 restitutos,
2123 2157 2417 2224 demonia
2476 2159 2684 2224 eiecta
2737 2163 2805 2224 et

522 2264 722 2331 simul
767 2283 986 2331 omnes
1030 2263 1427 2331 infirmitates
1473 2267 1743 2330 curatas.

617 2369 721 2438 17.
769 2366 954 2434 Nunc
998 2367 1244 2452 quando
1291 2367 1477 2434 stulti
1512 2367 1752 2433 fuimus
1787 2367 2132 2434 iudiceturz
2171 2387 2317 2434 cum
2353 2368 2541 2435 nudis
2580 2368 2793 2435 uerbis

522 2473 932 2550 credidimus,
977 2477 1090 2540 aut
1133 2492 1282 2539 cum
1323 2473 1556 2539 rebus?
1602 2473 1739 2540 sine
1785 2472 1978 2539 dubio
2026 2475 2196 2540 enim
2248 2493 2348 2540 res
2405 2478 2551 2541 ante
2605 2475 2805 2541 uerba

430 2600 495 2647 ιο
527 2584 700 2658 sunt,
749 2580 980 2664 quippe
1034 2598 1178 2645 cum
1235 2579 1315 2645 ad
1367 2598 1468 2644 res
1524 2579 1973 2664 significandas
2023 2579 2283 2646 inuenta
2335 2580 2484 2646 sint.
2540 2581 2596 2646 si
2652 2599 2802 2668 ergo

524 2685 849 2752 traditioni
896 2687 1203 2751 humanae
1246 2684 1423 2751 nulla
1457 2684 1764 2751 suadente
1798 2683 2059 2763 uirtute,
2107 2703 2268 2768 quae
2316 2684 2396 2750 ad
2429 2684 2805 2752 inludendas

526 2796 774 2858 mentes
820 2790 1144 2856 hominum
1197 2791 1456 2856 inuenta
1507 2793 1628 2869 est,
1684 2789 1872 2856 fidem
1926 2789 2240 2870 dedimus,
2306 2798 2541 2873 quanto
2596 2790 2804 2876 magis

526 2897 703 2974 huic,
748 2915 935 2981 quam
973 2897 1255 2962 diuinam
1293 2899 1359 2962 et
1392 2895 1681 2961 deificam
1719 2895 1929 2961 omnia
1962 2897 2165 2982 signa,
2207 2913 2367 2980 quae
2403 2894 2592 2962 deum
2626 2896 2806 2962 inuo-

529 3007 698 3080 cant,
753 3004 1213 3069 contestantur!
1268 3020 1469 3066 nonne
1515 3001 1703 3086 digne
1758 3000 1943 3067 stulti
1997 3000 2440 3080 iudicaremur,
2496 3001 2551 3068 si
2606 3001 2807 3067 uirtu-

435 3129 498 3176 u
531 3107 709 3173 tibus
762 3125 885 3173 non
942 3106 1357 3184 crederemus,
1415 3108 1528 3190 qui
1581 3106 1981 3172 sermonibus
2038 3106 2544 3172 credideramus?
2605 3125 2807 3172 nonne

528 3212 988 3279 rationabiliter
1031 3212 1345 3296 inprouidi
1389 3214 1457 3276 et
1499 3211 1842 3278 inconsulti
1879 3215 2256 3288 notaremur,
2293 3213 2350 3277 si
2388 3211 2804 3278 aduocantem

530 3337 710 3402 spem
756 3337 877 3384 non
926 3336 1348 3401 sequeremur,
1398 3319 1506 3401 qui
1553 3317 1973 3403 desperationi
2020 3317 2341 3384 fueramus
2389 3317 2680 3384 obnoxii?

623 3426 726 3490 18.
777 3423 966 3502 ‘Sed·‚
1012 3424 1193 3489 aiunt
1236 3442 1269 3488 e
1316 3428 1553 3502 contra,
1600 3423 1896 3490 ‘stultum
1941 3427 2043 3489 est
2096 3423 2266 3506 quod
2320 3423 2624 3500 creditur3
2681 3442 2806 3490 non

531 3531 701 3595 enim
744 3530 988 3595 ratione
1032 3529 1329 3596 subsistit
1382 3528 1573 3594 deum
1619 3528 1850 3594 babere
1895 3528 2095 3593 filium
2151 3547 2353 3612 neque
2399 3532 2686 3594 emortua
2740 3533 2807 3595 et

430 3657 498 3703 no
531 3635 848 3702 dissoluta
890 3653 1149 3718 corpora
1181 3653 1402 3701 rursus
1439 3635 1712 3717 reparari
1749 3634 1827 3699 ad
1867 3634 2104 3699 uitam'.
2153 3652 2370 3699 omnes
2408 3634 2704 3716 philosofi
2742 3639 2809 3701 et

531 3746 850 3808 sectarum
901 3742 1261 3807 inuentores
1307 3740 1580 3807 diuersis
1625 3740 2165 3825 disputationibus
2209 3740 2483 3805 inuicem
2539 3759 2608 3806 se
2662 3759 2806 3805 con-

530 3847 845 3925 foderunt,
893 3847 1107 3912 nullus
1153 3847 1231 3911 ad
1278 3849 1546 3913 alterum
1602 3846 1938 3922 transiens,
1994 3845 2144 3929 quia
2195 3864 2363 3911 unus
2416 3846 2685 3929 quisque
2740 3844 2807 3911 in

531 3972 658 4036 quo
684 3953 978 4022 imbutus.
998 3951 1203 4017 fuerat
1226 3952 1648 4034 permanebat.
1675 3970 1787 4035 per
1817 3951 1885 4016 id
1924 3951 2092 4034 quod
2130 3951 2297 4016 enim
2332 3951 2531 4016 uerba
2564 3954 2807 4016 contra-

521 4058 791 4125 dictioni
825 4058 1090 4124 obnoxia
1125 4061 1295 4135 sunt,
1331 4058 1547 4124 nullus
1584 4057 1855 4122 alterum
1891 4056 2259 4140 superabat3
2296 4075 2416 4122 non
2455 4057 2622 4123 enim
2669 4059 2807 4121 erat

714 4316 780 4371 19
817 4315 884 4370 cf.
926 4316 1078 4372 Rom.
1115 4316 1168 4383 4,
1208 4316 1273 4371 19

609 4509 634 4560 1
675 4523 782 4561 nou
818 4521 922 4562 on.
958 4504 1026 4560 N
1097 4505 1132 4559 2
1170 4505 1490 4576 ognouimus
1524 4503 1754 4574 (conj)
1790 4505 1865 4560 M
1975 4505 2219 4577 prodisse
2252 4505 2436 4576 (corr.)
2481 4505 2530 4560 0
2610 4506 2805 4574 *omni-

529 4593 637 4647 bn·
678 4592 747 4661 G,
783 4593 963 4663 (corr.)
998 4593 1054 4647 A
1211 4595 1246 4646 5
1282 4593 1544 4647 excitatus
1583 4597 1744 4660 (corr.
1780 4609 1851 4648 m.
1887 4596 2013 4659 rec.)
2048 4593 2119 4647 Μ
2259 4594 2293 4649 6
2338 4592 2591 4648 demonia
2634 4594 2809 4648 eiecta

525 4698 598 4737 ex
634 4697 742 4752 quo
778 4685 907 4735 nato
942 4681 1127 4736 oculo·
1160 4681 1446 4736 restituto·
1489 4681 1592 4736 hoc
1634 4680 1831 4736 ordine
1874 4681 1929 4735 P
2065 4680 2351 4736 daemonia
2386 4679 2453 4734 N
2532 4680 2570 4737 8
2606 4680 2805 4736 fuimus

532 4770 696 4824 stulti
730 4767 788 4822 P
985 4768 1129 4824 nidi·
1173 4770 1354 4835 (corr.)
1386 4768 1455 4824 N
1611 4768 1680 4824 10
1724 4769 1857 4839 sint]
1903 4772 2032 4824 aunt
2067 4769 2135 4837 P,
2158 4767 2208 4824 0
2236 4771 2417 4836 (corr.)
2587 4769 2653 4823 13
2690 4767 2804 4823 dei·

528 4859 710 4913 fitiam
746 4858 817 4912 Μ
850 4857 1149 4913 demificarn
1187 4861 1372 4927 (corr.)
1413 4859 1460 4912 0
1596 4859 1841 4914 indicant
1876 4857 1934 4912 P
2064 4858 2131 4912 15
2166 4855 2585 4928 credideramus]
2622 4854 2805 4912 crede·

532 4962 717 5002 ramus
766 4945 872 5000 CN
1079 4947 1272 5017 nonne}
1319 4964 1425 5002 non
1477 4946 1527 5001 0
1693 4948 1759 5002 17
1808 4962 2020 5001 eramus
2063 4945 2121 4999 P
2288 4945 2352 5000 19
2397 4949 2614 5000 mortua
2660 4944 2709 5001 0
2749 4949 2808 5000 et

535 5038 750 5089 mortua
792 5034 858 5089 N
1062 5035 1134 5090 20
1178 5035 1427 5091 deuolat·
1474 5033 1536 5098 0,
1579 5038 1670 5103 (a
1713 5034 1985 5103 desolata)
2020 5033 2096 5101 N,
2116 5034 2178 5088 X
2332 5033 2399 5088 21
2448 5031 2809 5088 confuderunt

534 5123 613 5178 Π
783 5121 854 5177 28
907 5120 1351 5178 contradictionis
1404 5120 1525 5177 NX
1707 5123 1778 5176 24
1832 5119 2649 5177 obnoxia—contradictionibus
2701 5135 2808 5176 on.

537 5210 695 5277 (add.
749 5213 875 5280 no.)
924 5209 972 5263 G
1196 5209 1489 5281 superabat
1541 5210 1771 5266 alterum
1831 5208 1940 5264 GA
2152 5209 2295 5264 enim
2348 5224 2451 5267 ons.
2503 5207 2658 5276 (aad.
2709 5210 2809 5264 ιι)

524 5300 698 5364 torte)
737 5295 787 5351 0
