3275 6434
1292 1431 1438 1504 Gap.
1485 1431 1737 1490 cxxvn
1773 1432 2001 1490 lo—ao.
2668 1438 2798 1503 407

523 1628 770 1690 rentem
811 1624 1042 1709 hylicis
1088 1624 1276 1692 rebus
1321 1626 1575 1704 asseris,
1623 1626 2013 1709 eriperetur?
2056 1625 2372 1693 nascendo
2427 1627 2594 1694 enim
2646 1627 2801 1693 libe·-

524 1728 653 1793 rari
681 1746 820 1793 eam
855 1728 918 1794 in
954 1727 1137 1794 libris
1172 1726 1410 1794 uestris
1447 1728 1756 1813 scriptum
1793 1728 2063 1809 habetis,
2096 1734 2174 1795 ut
2207 1748 2247 1795 a
2278 1731 2430 1795 luna
2466 1735 2803 1815 susceptae

523 1834 772 1899 animae
829 1835 1124 1898 exeuntes
1189 1832 1267 1898 de
1331 1833 1698 1916 corporibus
1763 1833 1885 1899 soli
1947 1833 2294 1915 tradantur,
2361 1853 2550 1918 quem
2614 1836 2801 1901 deum

523 1944 885 2005 uestrarum
940 1937 1233 2004 adseritis
1287 1938 1659 2004 animarum.
1716 1957 1860 2004 nam
1915 1939 2229 2022 gaudetis,
2289 1958 2433 2005 cum
2489 1941 2804 2008 Manichei

456 2061 488 2103 s
525 2043 866 2111 uocamiui.
904 2061 1014 2128 per
1048 2043 1170 2109 boc
1206 2043 1373 2108 enim
1411 2061 1638 2110 nomen
1676 2042 2112 2111 liberationem
2150 2049 2429 2112 uestram
2474 2043 2802 2130 flagitatis,

527 2147 701 2232 qnod
740 2148 965 2231 utique
1008 2147 1362 2226 nesciretis,
1408 2148 1531 2215 nisi
1575 2149 1707 2214 uati
1756 2149 2004 2216 essetis.
2050 2149 2234 2234 longe
2277 2151 2498 2233 itaque
2544 2161 2806 2234 apparet

524 2272 639 2338 per
692 2253 1052 2338 hypocrisin
1107 2253 1362 2338 nuptias
1416 2272 1537 2319 uos
1594 2253 2029 2320 condemnare.
2093 2255 2579 2322 sanctimonium
2637 2255 2804 2321 enim

524 2358 895 2442 profitentes
937 2358 1209 2424 latenter
1251 2356 1668 2424 inmunditiae
1713 2358 2008 2437 studetis,
2055 2359 2224 2443 quod
2266 2379 2388 2425 non
2438 2359 2647 2426 solum
2682 2360 2807 2444 pri·

523 2464 746 2541 uatim,
792 2462 906 2528 sed
951 2465 1018 2528 et
1061 2462 1288 2528 edictis
1333 2461 1654 2546 proditum
1702 2467 1804 2529 est
1846 2463 2319 2548 imperatorum.

434 2589 488 2632 ιο
618 2568 723 2634 19.
768 2566 934 2634 Audi
976 2586 1164 2644 nunc,
1209 2567 1546 2647 catholice,
1591 2568 1923 2653 euangelio
1967 2573 2133 2636 teste
2179 2569 2480 2653 prodesse
2528 2570 2804 2636 bominis

523 2673 946 2739 natiuitatem.
990 2692 1138 2738 cum
1185 2672 1456 2757 Symeon
1504 2675 1673 2740 enim
1721 2675 1821 2740 uir
1863 2674 2077 2740 iustus
2123 2675 2322 2741 uellet
2356 2675 2520 2741 exire
2556 2675 2636 2740 de
2672 2693 2804 2741 sae·

523 2780 670 2845 culo
726 2779 1014 2846 sufficere
1075 2779 1194 2845 sibi
1242 2783 1473 2863 putans
1521 2780 1824 2845 creatoris
1871 2781 2007 2846 siue
2050 2782 2338 2863 mysterii
2393 2782 2533 2848 eius
2590 2782 2805 2866 cogni·

524 2885 699 2951 tione
735 2885 1047 2965 notitiam,
1079 2903 1201 2950 non
1239 2885 1619 2968 permissum
1659 2888 1760 2951 est
1786 2885 1864 2966 ei,
1892 2885 2016 2952 nisi
2044 2889 2439 2951 crementum
2466 2887 2705 2954 faceret
2740 2886 2803 2951 in

524 2989 629 3055 dei
655 2990 1076 3073 perceptione,
1104 2993 1180 3054 nt
1204 2989 1455 3073 plenam
1482 2990 1745 3056 baberet
1767 2989 1917 3057 fidei
1944 3010 2097 3056 suae
2121 2990 2497 3056 mercedem.
2536 2990 2807 3075 denique

434 3114 490 3157 ιο
526 3100 748 3160 natum
774 3093 1150 3160 saluatorem
1179 3093 1565 3177 accipiens
1591 3094 1664 3161 in
1691 3094 2036 3162 manibus
2072 3093 2459 3162 benedixit
2486 3093 2697 3160 deum
2730 3103 2807 3160 et

527 3199 743 3264 dixit:
771 3198 1099 3278 domine,
1137 3217 1342 3264 nunc
1375 3197 1704 3265 dimitte
1742 3218 2063 3265 seruum
2093 3203 2322 3266 tuum
2364 3198 2800 3266 secundum

527 3303 860 3370 uerbum
893 3309 1112 3370 tuum
1153 3304 1223 3369 in
1268 3322 1483 3386 pace,
1533 3305 1903 3387 quoniam
1951 3303 2340 3370 uiderunt
2384 3304 2605 3370 oculi
2651 3305 2806 3369 mei

528 3409 899 3477 salutare
946 3414 1188 3475 tuum.
1234 3409 1567 3476 manifeste
1605 3413 1933 3477 ostensum
1971 3415 2074 3476 est
2107 3409 2207 3476 dei
2246 3409 2620 3477 beneficium
2665 3428 2806 3476 esse

525 3517 592 3582 in
640 3515 912 3581 hominis
967 3516 1320 3595 natiuitate,
1378 3515 1626 3598 quando
1684 3516 1821 3582 uiro
1876 3515 2047 3581 iusto
2103 3513 2181 3582 de
2234 3519 2437 3581 morte
2492 3515 2801 3598 cogitanti

434 3643 494 3686 to
527 3639 902 3703 responsum
930 3625 1052 3700 est,
1081 3619 1251 3703 quod
1287 3639 1406 3687 non
1443 3625 1590 3686 ante
1614 3624 1983 3696 moreretur,
2013 3638 2203 3702 quam
2231 3619 2542 3686 christum
2570 3619 2808 3686 domini

532 3724 826 3792 uidisset.
859 3730 1108 3790 tantum
1147 3725 1313 3791 enim
1351 3725 1723 3808 proficiebat
1756 3725 1819 3790 in
1857 3725 2014 3802 uita,
2053 3729 2130 3791 ιιι
2153 3724 2384 3810 dignus
2408 3724 2589 3790 fieret
2614 3724 2807 3789 etism

529 3832 596 3895 in
642 3831 957 3913 praesenti
1002 3830 1240 3908 uidere,
1289 3848 1479 3913 quem
1523 3831 1920 3896 liberatorem
1978 3829 2273 3914 sperabat
2323 3832 2475 3912 post
2516 3833 2809 3895 mortem.

532 3936 645 4018 qui
689 3954 838 4019 ergo
875 3938 1237 4000 reseruatus
1270 3935 1336 3999 in
1385 3933 1521 3999 uita
1565 3953 1687 4000 non
1731 3936 2084 4017 permissus
2130 3939 2231 3999 est
2276 3934 2457 4013 mori,
2502 3933 2625 3998 nisi
2671 3933 2807 4016 spei

533 4059 690 4107 suae
730 4040 1008 4106 fructum
1054 4039 1347 4117 uidisset,
1395 4043 1471 4105 ιιι
1511 4058 1777 4105 securus
1814 4042 1989 4105 esset
2022 4039 2173 4122 quia
2207 4037 2285 4103 de
2321 4038 2459 4103 uita
2492 4036 2573 4102 ad
2608 4037 2808 4102 uitam

437 4165 498 4210 as
529 4144 849 4224 transiret,
895 4162 1019 4227 quo
1066 4143 1253 4210 modo
1297 4149 1513 4227 potest
1555 4144 1683 4210 dici
1729 4162 1849 4209 non
1896 4144 2045 4209 huic
2100 4143 2416 4228 profuisse
2461 4142 2807 4208 natiuitas?

625 4252 728 4317 20.
775 4249 841 4316 Si
888 4249 1056 4314 enim
1104 4249 1340 4314 malum
1387 4254 1489 4315 est
1531 4249 1703 4332 quod
1746 4249 2083 4328 nascimur,
2130 4267 2252 4314 non
2299 4248 2631 4333 paradisus
2668 4265 2808 4330 pro-

535 4355 915 4432 mitteretur,
960 4373 1081 4420 non
1128 4355 1265 4420 uita
1309 4356 1582 4430 aeterna,
1618 4373 1742 4420 non
1778 4372 2044 4439 regnum
2081 4354 2418 4431 caelorum,
2458 4352 2571 4418 sed
2607 4370 2809 4436 poena

714 4543 747 4597 7
786 4542 853 4599 cf.
888 4543 916 4598 1
951 4541 1088 4597 Tim.
1124 4545 1177 4612 4,
1213 4543 1247 4597 2
1352 4542 1388 4598 9
1424 4541 1494 4596 cs.
1530 4540 1665 4598 Cod.
1705 4540 1908 4597 Theod.
1944 4541 2071 4597 XVI
2105 4547 2158 4610 5,
2193 4543 2228 4598 3
2266 4547 2369 4598 etc.
2483 4541 2548 4596 12
2584 4539 2652 4594 ef.
2690 4539 2805 4596 Col.

537 4633 591 4697 2,
627 4631 662 4685 2
770 4632 837 4687 15
871 4629 1000 4686 Luc.
1034 4632 1088 4699 2,
1121 4629 1334 4686 28-30
1438 4627 1509 4687 20
1545 4630 1615 4686 cs.
1651 4629 1779 4686 Luc.
1816 4631 1868 4698 2,
1903 4630 1973 4685 26
2080 4629 2150 4685 26
2188 4629 2259 4686 cs.
2294 4632 2421 4687 Luc.
2458 4629 2547 4698 23,
2581 4627 2653 4683 48

429 4760 456 4814 Ῑ
611 4755 646 4808 5
678 4752 932 4808 uocimiui
973 4751 1079 4808 ΟΔ
1253 4752 1602 4808 librationem
1635 4751 1715 4807 Η
1883 4755 2182 4808 uestrarum
2219 4751 2276 4808 P
2447 4751 2710 4821 flagiteti-
2745 4748 2805 4806 P

540 4841 575 4896 8
608 4839 1149 4910 nesciretis—itaque
1185 4855 1286 4895 on.
1321 4838 1397 4893 Μ
1426 4839 1581 4909 (udd-
1614 4842 1742 4912 usq.)
1832 4842 1863 4898 7
1899 4839 2129 4910 hypo-in
2163 4839 2238 4896 Π
2313 4840 2349 4896 9
2384 4838 2686 4911 predictum
2721 4836 2807 4905 Μ,

540 4926 639 4982 aad
668 4928 743 4996 cs.
769 4943 833 4996 p.
870 4929 1008 4990 330.
1043 4930 1115 4982 13
1215 4927 1281 4983 10
1315 4926 1560 4996 prodisse
1600 4926 1650 4983 G
1735 4928 1803 4983 12
1840 4933 2040 4998 putant
2068 4925 2143 4982 Π
2230 4927 2298 4982 18
2334 4925 2674 4997 permissum]
2711 4940 2810 4993 per

540 5014 716 5082 ipsum
754 5013 830 5069 M
913 5016 980 5070 14
1015 5014 1371 5085 ..n-denique
1411 5012 1460 5068 C
1573 5017 1641 5071 15
1674 5032 1866 5071 manua
1902 5016 1957 5070 P
2035 5014 2102 5070 lc
2137 5013 2371 5069 dimittis
2406 5013 2462 5067 P
2495 5011 2723 5067 demitte
2763 5010 2812 5066 C

543 5103 609 5157 17
649 5102 775 5171 quia
809 5102 873 5155 X
985 5102 1052 5157 18
1088 5101 1372 5158 ostendum
1414 5101 1486 5170 G,
1519 5106 1680 5170 (cor-r.
1714 5106 1833 5169 2⁸2)
1869 5107 1923 5157 Δ
2066 5102 2175 5172 dei}
2213 5102 2265 5164 ei
2306 5101 2355 5156 0
2459 5099 2525 5155 19
2561 5098 2722 5154 morti
2762 5097 2811 5152 0

540 5190 613 5246 20
639 5190 926 5244 moriretur
954 5188 1060 5245 ΟΔ
1130 5189 1196 5245 21
1228 5194 1286 5245 et
1311 5197 1442 5245 unte
1463 5192 1677 5246 tantum
1704 5189 1836 5246 aad.
1874 5190 1981 5246 CX
2076 5188 2299 5259 dignum
2328 5189 2385 5243 P
2451 5188 2522 5244 22
2551 5203 2711 5258 quam
2740 5184 2812 5241 Π

541 5276 610 5331 24
649 5275 902 5331 uidiiaset
934 5278 1056 5345 (aaa
1089 5273 1358 5345 uiduuet)
1383 5275 1455 5332 Π
1558 5280 1621 5333 ιιι
1646 5292 1865 5335 neuma
1892 5281 2038 5332 met
2062 5291 2166 5334 σπι.
2190 5274 2269 5330 Π
2340 5275 2410 5331 27
2446 5288 2730 5347 regnorum
2764 5271 2813 5326 0
