3275 6434
1300 1420 1448 1494 Cap.
1487 1420 1630 1480 CXV
1666 1419 1982 1480 81-cxv1
2020 1424 2069 1480 1.
2698 1429 2834 1496 349

544 1620 787 1682 manet.
833 1615 1116 1682 accessio
1161 1633 1311 1699 ergo
1357 1614 1512 1681 facit
1555 1618 1629 1683 nt
1675 1620 1950 1701 generet.
1996 1616 2090 1683 ita
2133 1619 2199 1683 et
2241 1616 2432 1684 homo
2477 1617 2668 1685 fidem
2704 1637 2829 1687 non

545 1720 743 1787 habet
783 1720 847 1786 in
895 1725 1137 1797 natan,
1182 1719 1293 1787 sed
1341 1738 1556 1787 semen
1600 1719 1771 1799 fidei,
1818 1720 1990 1805 qnod
2025 1720 2149 1787 nisi
2181 1720 2378 1788 fuerit
2410 1727 2827 1806 prouocat-nm

545 1829 615 1892 et
659 1827 1090 1905 exercitatum,
1134 1825 1412 1892 fructum
1458 1845 1580 1892 non
1626 1825 1823 1905 dabit,
1867 1825 1936 1892 id
1981 1829 2084 1894 est
2139 1826 2328 1893 fldem
2381 1845 2507 1893 non
2550 1827 2828 1898 hahebit.

542 1930 1141 1998 mathematicorum
1184 1931 1352 1998 enim
1398 1931 1631 1998 fabulis
1689 1929 2016 1999 credentes
2074 1931 2223 1998 fidei
2267 1950 2481 1999 umen
2534 1933 2825 1999 extermi-

471 2053 508 2099 ι
545 2041 720 2116 nant,
766 2036 936 2121 quod
981 2039 1047 2103 et
1089 2037 1354 2103 creatori
1397 2040 1465 2103 et
1505 2037 1794 2103 institiae
1840 2036 1979 2103 eins
2023 2037 2463 2104 testimonium
2514 2037 2823 2122 perhibet.

545 2162 711 2228 opus
754 2143 920 2209 enim
970 2141 1261 2227 opificem
1319 2142 1611 2227 agnoscit
1663 2145 1731 2208 et
1772 2160 1974 2227 aequo
2020 2142 2158 2209 iure
2201 2161 2412 2209 amare
2455 2160 2617 2228 qnae
2666 2143 2825 2210 fecit

540 2251 838 2315 testatur.

634 2355 738 2420 88.
783 2353 990 2439 Igitur
1032 2353 1401 2438 fugiendum
1449 2353 1743 2420 omnibns
1788 2354 1997 2420 modis
2033 2353 2111 2421 ab
2147 2354 2267 2419 hac
2301 2357 2438 2421 arte
2470 2373 2822 2423 monemus.

543 2460 777 2527 curiosi
834 2461 1000 2526 enim
1074 2460 1212 2526 eius
1284 2463 1351 2525 et
1401 2458 1645 2526 inimici
1705 2458 1808 2524 dei
1862 2463 2015 2525 sunt
2066 2462 2133 2528 et
2191 2459 2327 2525 sine
2390 2460 2819 2528 sollicitudine

440 2581 508 2626 ro
540 2584 883 2649 numquam
933 2568 1113 2640 sunt:
1160 2582 1409 2648 semper
1452 2564 1618 2630 enim
1665 2565 1962 2649 suspensi
2017 2569 2349 2648 expectent
2398 2565 2568 2650 qnod
2620 2567 2819 2634 incer·

538 2677 682 2736 tum
729 2670 959 2737 sciunt.
1007 2688 1124 2735 nos
1168 2673 1404 2748 antem,
1450 2669 1562 2752 qni
1608 2668 1688 2734 de
1734 2669 1852 2735 deo
1898 2669 2111 2735 omnia
2152 2687 2452 2754 prospera
2500 2671 2816 2739 credimus

539 2782 628 2854 et,
675 2774 728 2840 si
777 2794 904 2858 qna
945 2774 1213 2840 aduersa
1257 2773 1630 2852 exstiterint.
1677 2774 1816 2841 eius
1863 2778 2023 2840 nutu
2068 2775 2394 2860 conprimi,
2440 2775 2818 2861 simpliciter

537 2881 841 2948 uiuamus
900 2879 1105 2946 securi
1161 2880 1240 2944 de
1302 2880 1440 2945 eius
1496 2879 1905 2964 protectione,
1959 2899 2073 2946 nec
2127 2885 2338 2947 tamen
2390 2881 2591 2947 nescii
2641 2882 2813 2966 quia,

537 2990 608 3053 et
650 2986 707 3051 si
752 2985 900 3069 quid
948 2985 1286 3050 aduersum
1330 2985 1489 3050 bene
1534 2985 1717 3051 nobis
1764 2986 2099 3071 agentibus
2135 2987 2436 3071 annuerit,
2470 2988 2813 3054 toleratum

438 3111 499 3155 u
532 3090 824 3175 proficiet
867 3090 943 3155 ad
992 3108 1305 3156 coronam.

1187 3265 1406 3334 CXVI.
1452 3263 1709 3332 RATIO
1754 3264 2159 3333 PASOHAE.

630 3411 687 3475 1.
734 3408 1000 3485 Pascha,
1047 3407 1447 3473 dilectissimi
1510 3407 1756 3484 fratres,
1813 3426 1851 3471 a
1901 3407 2196 3491 passione
2251 3406 2638 3491 appellatum
2691 3411 2814 3487 est,

532 3514 707 3580 sicut
750 3514 937 3579 docet
979 3533 1096 3579 nos
1142 3512 1501 3578 traditionis
1548 3513 1741 3578 huius
1786 3512 2251 3598 praefiguratio,
2299 3530 2460 3596 quae
2502 3511 2673 3579 facta
2715 3517 2817 3579 est

527 3621 595 3684 in
623 3619 914 3704 Aegypto
941 3637 1054 3702 per
1079 3619 1391 3685 famulum
1429 3618 1530 3683 dei
1567 3618 1829 3703 Moysen
1870 3617 2118 3684 dicente
2156 3617 2497 3701 scripturaz
2547 3617 2813 3684 immo·

430 3741 493 3788 a
528 3725 736 3792 latio
784 3724 1086 3808 pascha
1132 3723 1278 3788 hoc
1333 3722 1635 3789 domini
1695 3726 1840 3790 est.
1901 3741 2061 3806 quae
2116 3723 2316 3807 igitur
2365 3721 2530 3788 ratio
2584 3724 2687 3788 est
2739 3728 2815 3788 ut

528 3830 904 3914 mysterium
953 3847 1203 3894 sacrum
1250 3847 1360 3912 per
1404 3827 1777 3911 sanguinem
1823 3828 1912 3893 sit
1955 3827 2340 3893 celebratum
2387 3831 2455 3893 et
2495 3826 2809 3911 reparatio

526 3938 702 4001 uitae
748 3954 857 4019 per
893 3939 1184 4012 mortem,
1222 3937 1318 4010 nt,
1356 3952 1501 3998 cum
1540 3951 1709 3998 mors
1746 3936 2158 4018 augmentum
2195 3933 2400 3998 facere
2436 3951 2506 3999 se
2542 3935 2811 4015 putaret,

527 4044 786 4125 accepto
832 4039 1137 4124 sanguine
1175 4038 1513 4104 saluatoris
1553 4037 1862 4103 minorata
1897 4037 2202 4102 deflueret
2246 4042 2332 4117 et,
2377 4054 2524 4103 cum
2567 4035 2808 4102 uirtute

526 4150 848 4231 operatam
911 4164 981 4210 se
1035 4145 1157 4209 hoc
1211 4144 1594 4220 aestimaret,
1653 4141 1968 4209 infirmata
2020 4142 2344 4210 interiret?
2398 4140 2585 4209 morti
2640 4141 2806 4207 enim

430 4271 490 4315 a
524 4269 700 4318 mors
743 4270 854 4335 per
898 4268 1061 4333 opus
1107 4250 1247 4315 eins
1292 4248 1508 4314 diuina
1559 4249 2000 4332 procuratione
2042 4248 2301 4313 inuenta
2352 4253 2455 4313 est
2506 4250 2600 4325 nt,
2657 4246 2811 4331 qnia

526 4375 776 4441 semper
828 4356 992 4422 male
1048 4356 1209 4434 uult,
1275 4354 1604 4421 cederetur
1654 4353 1752 4422 illi
1815 4354 1894 4419 ad
1957 4357 2234 4437 tempus,
2289 4356 2367 4420 nt
2415 4354 2483 4420 in
2556 4352 2809 4419 institia

701 4546 736 4599 8
764 4544 830 4599 cf.
859 4544 976 4600 101..
1006 4545 1091 4608 12,
1118 4545 1188 4598 24
1264 4544 1330 4597 18
1367 4543 1438 4596 cf.
1473 4541 1564 4598 1³⁸.
1591 4542 1678 4610 90,
1715 4543 1738 4595 1
1819 4542 1885 4597 19
1923 4541 1992 4596 cf.
2032 4541 2124 4598 Ex.
2168 4542 2251 4605 14.
2287 4542 2353 4598 31
2463 4539 2563 4596 Ex.
2607 4539 2696 4603 18.
2735 4542 2796 4595 11

594 4671 629 4723 2
665 4669 794 4739 nisi]
834 4668 881 4722 ri
918 4669 1026 4722 nisi
1066 4666 1174 4722 GA
1262 4668 1297 4720 4
1335 4666 1476 4721 enim
1512 4681 1616 4723 on.
1654 4665 1718 4719 N
1800 4667 1834 4721 5
1871 4666 2091 4722 iusticia
2124 4666 2199 4721 Π
2280 4666 2315 4723 6
2350 4680 2531 4721 amore
2566 4661 2807 4719 ΠΟΝΧ

519 4758 681 4828 quae}
718 4760 1054 4826 (amoremne
1089 4754 1374 4810 MCFAB
1489 4756 1622 4809 facit
1661 4753 1828 4809 CXX
1903 4756 1939 4811 8
1973 4755 2146 4826 igitur
2178 4770 2282 4811 on.
2323 4753 2487 4810 G'NX
2579 4752 2646 4809 10
2679 4768 2801 4807 sus·

517 4846 666 4916 pecti
704 4843 830 4898 PM
999 4848 1291 4915 expcetunt
1325 4841 1432 4898 PG
1604 4843 1893 4913 incertum]
1935 4858 2019 4897 me
2056 4845 2259 4898 eertum
2293 4841 2355 4897 X
2493 4842 2555 4897 11
2594 4838 2799 4911 antem]

516 4937 700 4987 antem
739 4932 896 4987 deum
935 4933 995 4986 Χ
1136 4929 1204 4984 de
1240 4945 1343 4985 on.
1382 4929 1444 4983 N
1574 4932 1641 4986 12
1677 4932 1941 4985 exsterint
1974 4934 2136 4999 (οοη.
2173 4929 2475 4997 existerint)
2508 4927 2575 4982 N
2600 4927 2800 4982 extite-

517 5025 647 5075 runt
683 5019 742 5074 X
871 5019 1190 5090 simpliciter
1223 5020 1300 5087 (m
1338 5019 1403 5073 in
1436 5021 1578 5085 ras.)
1608 5018 1660 5074 0
1737 5020 1804 5074 13
1838 5019 2048 5087 temen]
2086 5023 2215 5073 tunc
2248 5017 2434 5088 (οοη.)
2463 5015 2514 5072 G
2592 5015 2660 5072 1⁶
2693 5013 2799 5071 ΒΕ

517 5105 841 5163 numus
877 5104 1206 5162 luscum
1237 5105 1335 5161 CA
1447 5107 1513 5161 19
1547 5106 1853 5161 immolatio
1878 5107 2040 5174 (corr.
2065 5122 2135 5159 ιιι.
2160 5120 2265 5161 rec.
2302 5103 2714 5167 imutohtiouis)
2739 5099 2807 5154 N

515 5196 590 5252 20
625 5195 784 5250 deum
821 5198 1006 5261 (eom)
1042 5193 1104 5248 N
1288 5195 1358 5249 22
1394 5195 1515 5266 per]
1552 5210 1649 5266 pre
1684 5193 1759 5248 Π
1930 5192 2307 5263 angmentum}
2341 5195 2439 5247 ant
2470 5194 2712 5246 mentum
2750 5187 2803 5244 0

514 5281 1036 5356 pntaretetGNX
1134 5280 1771 5354 maelsedoeonQN
1872 5279 2220 5337 26ωι1ιΝ
