3275 6434
311 1179 376 1243 226
702 1177 800 1233 hiber
823 1183 1054 1251 quaestionum

312 1373 446 1449 adamat
464 1372 583 1439 idcirco
601 1373 719 1440 dicitur
741 1374 801 1440 eia:
825 1381 896 1442 ‘non
920 1376 1069 1443 mundani
1091 1379 1185 1445 uobis
1203 1379 1326 1456 delier
1346 1381 1449 1455 andei

311 1481 420 1559 uultis,
443 1480 566 1547 debetis
590 1499 671 1565 quae
693 1480 788 1567 digna
810 1489 886 1548 eunt
908 1484 1039 1551 olferre’.

353 1590 383 1653 2.
402 1587 457 1655 Sic
475 1587 591 1654 etenim
605 1588 812 1654 inuenituret
825 1588 901 1654 cain
921 1608 1078 1673 peccasse,
1098 1609 1170 1656 curn
1190 1611 1250 1659 non
1269 1593 1448 1659 considerat

310 1695 369 1763 deo
393 1696 469 1762 haec
488 1694 601 1761 debere
620 1695 733 1772 offerri,
758 1713 838 1779 quae
860 1695 983 1778 potiora
1005 1700 1088 1761 sunt
1112 1716 1185 1761 cum
1208 1697 1292 1762 enim
1316 1698 1356 1762 ad
1378 1718 1448 1782 pro·

309 1802 486 1886 pitiandum
510 1801 604 1867 deum
627 1801 704 1866 baec
731 1819 767 1865 ee
790 1800 932 1866 dicerent
953 1801 1071 1879 offerre,
1095 1802 1125 1867 in
1149 1820 1186 1868 co
1205 1804 1274 1888 ipso
1293 1802 1388 1869 doum
1408 1804 1445 1869 ad
1477 1823 1510 1862 εὶ

309 1907 555 1993 indignationem
586 1907 809 1991 prouocabant,
842 1908 941 1972 utin
973 1908 1006 1972 id
1038 1907 1122 1992 quod
1149 1909 1288 1975 dicerent
1310 1927 1344 1974 ee
1367 1910 1447 1975 benc

307 2014 410 2081 lacere
432 2019 599 2098 peccarent
621 2013 786 2079 offerentes
810 2012 869 2079 deo
891 2014 1079 2080 holocausta
1101 2015 1239 2099 indigna.
1264 2014 1345 2081 unde
1369 2014 1447 2081 dicit

308 2121 340 2187 in
363 2120 555 2187 Malachihel
578 2119 711 2204 prolata:
736 2120 768 2184 si
792 2120 990 2186 adducatis
1013 2121 1056 2185 ad
1079 2121 1271 2187 uictimam
1295 2138 1445 2188 cascum

309 2232 373 2294 aut
392 2225 565 2293 claudum
585 2231 649 2293 aut
666 2246 827 2311 aegrum,
851 2247 919 2292 non
944 2231 1002 2291 eet
1020 2227 1164 2292 bunum.
1183 2227 1300 2292 offers
1319 2231 1444 2294 antem

309 2353 351 2400 ca
374 2333 458 2399 duci
482 2336 548 2399 aut
564 2333 780 2416 praeposito
799 2336 875 2408 tuo,
895 2333 926 2397 ei
946 2333 1135 2416 suscipiet
1152 2336 1198 2412 te,
1219 2332 1314 2399 dicit
1331 2332 1443 2400 domi·
1463 2353 1494 2393 sn

307 2458 376 2506 nus
400 2440 646 2521 omnipotens.
670 2438 744 2504 binc
766 2440 816 2503 cat
834 2442 870 2503 ut
893 2439 923 2502 in
946 2437 1041 2503 Esaia
1059 2438 1097 2503 de
1116 2438 1225 2505 eadam
1243 2446 1446 2521 requeratur

308 2546 386 2613 deus
419 2546 540 2613 dicens:
574 2565 644 2629 quo
667 2544 759 2610 mihi
792 2562 881 2609 oues
913 2544 1130 2611 holocausti
1159 2546 1235 2610 tui?
1259 2564 1379 2628 neque
1405 2547 1442 2611 in

307 2651 517 2720 sacrificiis
542 2651 620 2717 tuis
643 2650 838 2716 honorasti
857 2669 920 2716 me.
939 2670 1008 2716 non
1032 2652 1127 2716 enim
1152 2650 1194 2715 ad
1213 2652 1282 2717 hoc
1300 2655 1337 2716 te
1356 2651 1443 2728 leci,

306 2764 349 2825 ut
369 2758 563 2824 laborares
586 2757 622 2822 in
655 2760 738 2822 ture
766 2761 831 2821 eut
859 2760 899 2821 ut
922 2758 1142 2822 mercareris
1166 2756 1256 2821 mihi
1284 2761 1442 2842 argento

305 2865 509 2941 incensum,
524 2881 591 2927 nec
608 2860 754 2944 adipem
767 2861 1045 2927 sacrificiorum
1060 2865 1208 2927 tuorum
1224 2863 1441 2947 concupiui:
1461 2881 1492 2923 ιε,

305 2970 342 3036 in
374 2971 543 3054 peccatis
580 2975 704 3035 autem
741 2969 818 3034 tuis
857 2974 894 3033 et
933 2968 1210 3052 iniquitatibus
1247 2968 1442 3035 adstitisli

305 3076 405 3142 mihi.
429 3075 631 3142 manifestum
657 3077 708 3140 est
728 3075 835 3158 itaquo
855 3078 940 3140 ortas
960 3075 1125 3159 querellas,
1145 3075 1219 3156 quia
1238 3093 1310 3140 curn
1328 3075 1442 3141 uolun-

303 3181 385 3247 taria
401 3180 555 3247 sacrificia
574 3180 720 3246 oberrent
736 3198 797 3245 non
815 3179 848 3245 in
871 3180 922 3244 hie
945 3179 1039 3245 deum
1057 3180 1252 3246 honorabant
1274 3180 1442 3246 offerentes

304 3286 442 3372 indigna,
478 3305 552 3352 cum
587 3286 647 3352 boc
684 3286 792 3369 utique
829 3303 888 3351 nou
926 3289 1012 3352 esset
1047 3286 1255 3352 necessitatis.
1291 3285 1320 3351 si
1356 3286 1441 3351 enim

303 3395 452 3461 mandata
472 3394 618 3470 luissent
642 3393 829 3458 necessitate
848 3391 1037 3458 uidebantur
1055 3393 1295 3475 qualiacumque
1314 3390 1440 3467 oderam
1459 3407 1490 3449 a·

304 3500 428 3584 quando
456 3505 563 3566 antem
590 3498 717 3564 arbitrio
750 3517 808 3564 suo
836 3498 914 3564 haec
946 3498 1126 3577 offerebant,
1159 3499 1234 3564 talia
1266 3498 1440 3566 debuerant

303 3606 423 3682 offerre,
446 3605 621 3688 exquibus
645 3603 832 3687 obsequium
855 3605 887 3669 in
911 3622 944 3669 se
967 3603 1019 3671 dci
1042 3604 1252 3671 ostenderent.
1280 3603 1337 3670 scd
1364 3607 1440 3687 quia

303 3712 426 3777 animus
448 3711 575 3777 illorum
595 3710 769 3794 cupiditate
787 3711 942 3776 idolorum
962 3711 1094 3789 errabat,
1112 3711 1341 3776 inconsiderate
1359 3710 1440 3777 hacc

391 3989 408 4042 3
428 3986 462 4043 ci.
481 3987 549 4044 Gon.
566 3989 594 4056 4,
613 3990 629 4043 ‘l
683 3988 782 4044 8¹21.
803 3992 826 4051 1.
846 3991 863 4044 8
918 3993 950 4046 12
969 3990 1044 4049 Enni.
1062 3993 1107 4056 43,
1126 3994 1168 4047 23.
1189 3993 1223 4046 24

338 4159 481 4215 lollcrrct
497 4160 560 4213 PM
575 4161 654 4216 ollert
670 4169 718 4218 ccl.
772 4163 907 4217 udebitie
924 4163 978 4219 GN
1027 4166 1187 4234 ilpeccusae
1205 4170 1258 4232 (asc
1277 4168 1308 4221 in
1325 4175 1395 4235 rna.)
1411 4170 1443 4222 X

300 4248 516 4303 considerante*
610 4250 739 4304 ldcbcri
759 4250 786 4303 Χ
874 4252 1117 4322 propitiandaml)
1204 4255 1334 4311 benene
1408 4261 1436 4312 in

299 4351 331 4390 eo
354 4337 413 4405 ipao
437 4334 516 4390 doum
540 4337 574 4390 ad
597 4337 810 4407 indignationem
834 4356 883 4393 oen.
910 4339 940 4391 ,t
1042 4343 1109 4396 din
1132 4360 1182 4396 oue.
1204 4345 1230 4395 l'
1336 4345 1437 4415 'Ipne-

299 4428 392 4479 carent
409 4424 481 4492 (rent
499 4424 530 4479 ise
546 4431 614 4492 aar.)
632 4425 663 4477 Ν
722 4428 739 4480 8
757 4427 900 4482 malachiel
919 4428 974 4481 NB
991 4430 1163 4485 mallachihcl
1182 4431 1212 4483 10¹
1226 4432 1361 4488 malachia
1381 4435 1436 4488 G.l

299 4513 383 4566 itaut
395 4513 453 4581 pn]
473 4512 508 4566 ad
527 4517 615 4581 (aon.)
634 4515 670 4567 M
753 4515 848 4569 offeror
866 4521 946 4583 (coru.
966 4518 1084 4588 offerres)
1102 4519 1140 4572 M
1215 4523 1244 4574 ll
1265 4521 1356 4590 lleeinl
1376 4539 1437 4578 esee

298 4601 325 4653 ia
342 4604 422 4667 (corr,
440 4618 475 4654 sa.
493 4617 543 4657 rec.
562 4603 641 4671 isaia)
660 4604 696 4656 M
712 4605 785 4658 enain
805 4604 861 4658 hil·
878 4607 949 4661 esaie
971 4608 995 4660 0
1095 4608 1172 4662 adem
1193 4610 1222 4662 ¹l'
1326 4629 1381 4666 rem
1405 4615 1436 4670 (Σ

298 4689 390 4758 (corr.)
408 4688 439 4740 N
507 4689 540 4742 12
559 4688 679 4745 dicentes
698 4691 728 4742 N
837 4711 903 4748 ouos
921 4698 1058 4765 (corr.)G
1147 4700 1179 4752 14
1202 4699 1333 4753 laboraris
1351 4699 1439 4754 NFB

296 4775 402 4831 intuere
423 4776 563 4832 Ointaere
584 4779 613 4829 :V
699 4785 729 4834 ut
747 4798 797 4835 om.
816 4784 867 4835 lta·
955 4788 1108 4841 mercarotie
1121 4787 1149 4840 P
1236 4795 1396 4858 argumento
1413 4792 1441 4840 l*

297 4868 439 4932 argentum
459 4865 490 4916 Ν
559 4868 591 4921 15
610 4872 698 4922 turum
718 4870 754 4922 M
838 4873 870 4925 ll
889 4875 981 4943 itaque
1000 4880 1042 4930 est
1062 4876 1115 4930 GA
1195 4877 1257 4931 bino
1276 4885 1342 4935 aeae
1360 4887 1438 4934 ortas

298 4950 363 5006 edd
382 4951 410 5004 P
480 4956 617 5023 quaerella
637 4957 666 5008 N
738 4961 813 5029 quia]
832 4963 877 5030 qui
897 4962 924 5014 λ’
996 4980 1055 5019 cum
1075 4981 1124 5019 om·
1145 4965 1180 5019 M
1252 4967 1438 5023 leobertane

297 5041 428 5094 moriflcia
445 5043 472 5094 P
543 5044 750 5101 ollerreuteeM
804 5051 835 5103 19
854 5052 1000 5107 necessitas
1020 5053 1047 5106 Χ
1100 5054 1135 5107 22
1153 5055 1203 5109 deo
1222 5057 1248 5111 P
