3275 6434
234 980 297 1041 461
500 974 673 1045 Appendix
697 975 928 1045 quaestionum
952 978 1029 1030 noui
1048 980 1128 1032 test.

235 1169 442 1234 resurrexisse
465 1167 638 1233 dominum.
663 1168 710 1233 sic
733 1167 816 1233 enirn
840 1168 951 1235 babes:
976 1172 1013 1234 at
1030 1169 1134 1234 uidit
1149 1169 1377 1235 linteamine

236 1278 273 1339 et
291 1273 482 1339 sudarium
501 1273 536 1336 in
555 1291 668 1338 unum
687 1273 811 1338 locum
835 1277 872 1338 et
893 1273 1072 1351 credidit3
1092 1273 1261 1340 nondum
1283 1273 1376 1340 enim

236 1379 407 1444 sciebant
440 1379 660 1462 scripturas,
693 1380 780 1461 quia
813 1381 1005 1461 oporteret
1042 1398 1124 1445 eum
1163 1398 1185 1445 a
1217 1378 1376 1445 mortuis

235 1503 443 1568 resurgere.
473 1483 529 1549 sed
556 1484 667 1550 Maria.
696 1484 770 1566 quia
797 1502 857 1549 non
886 1484 976 1549 illum
1003 1484 1129 1551 uiderat
1154 1484 1376 1561 resurrexisse,

235 1607 295 1653 uon
310 1588 465 1653 credebat
480 1588 597 1653 nimius
611 1589 694 1653 enim
710 1606 797 1653 amor
810 1588 955 1654 dubitare
968 1589 1055 1654 illam
1070 1588 1223 1655 iaciebat
1243 1589 1376 1673 denique
1399 1606 1409 1648 a

236 1712 316 1777 piros
345 1693 519 1778 diligimus,
547 1694 575 1760 si
603 1692 836 1759 incommodum
866 1693 1036 1778 patiantur,
1064 1711 1125 1760 non
1153 1712 1212 1760 eos
1244 1693 1376 1760 sundere

233 1799 406 1874 credimus3
430 1817 509 1882 quos
534 1804 637 1864 autem
662 1799 798 1878 odimus,
823 1801 850 1863 si
868 1800 931 1864 iam
951 1819 1048 1884 prope
1066 1800 1162 1865 morti
1182 1800 1260 1879 sint,
1280 1800 1374 1867 inore

236 1907 345 1972 dudum
360 1906 452 1971 nobis
468 1911 524 1972 est.
539 1906 657 1972 Mariae
672 1924 757 1992 ergo,
772 1906 920 1990 quoniam
936 1907 1144 1990 obstupuerat
1157 1910 1192 1973 et
1201 1924 1373 1972 maerorem

235 2013 413 2095 patiebatur
439 2030 513 2094 prae
542 2031 657 2089 amoro,
686 2031 780 2094 quam
808 2016 992 2095 oportuerat
1019 2013 1108 2095 sequi
1143 2011 1374 2096 discipulorum

235 2118 339 2195 fidem,
363 2118 499 2201 primum
523 2137 557 2183 se
585 2117 724 2183 ostendit
751 2117 909 2196 dominus,
937 2121 974 2182 ut
1001 2117 1159 2184 desineret
1182 2137 1202 2182 a
1225 2135 1372 2193 maerore,
1388 2134 1409 2177 n

234 2242 293 2288 non
317 2227 422 2288 tamen
446 2223 511 2288 sine
534 2221 758 2308 indignatione.
783 2223 856 2289 hinc
884 2222 987 2289 audit:
1016 2223 1093 2289 noli
1121 2241 1177 2289 me
1205 2227 1372 2309 tangere,

235 2329 295 2394 hoc
331 2333 394 2393 est:
431 2328 596 2393 ‘carnalem
635 2346 760 2393 sonsum
794 2329 947 2411 sequeris,
980 2349 998 2393 a
1030 2347 1090 2412 qno
1123 2328 1252 2394 abstine
1287 2333 1320 2395 tc
1344 2333 1372 2393 et

234 2433 389 2516 spiritalia
411 2452 551 2515 sequere,
575 2452 655 2517 quae
673 2451 734 2499 non
754 2433 921 2499 uidentur‘.
946 2433 1104 2499 nondum
1129 2433 1239 2513 enirn,
1263 2434 1372 2518 inquit,

236 2538 388 2604 ascendi
411 2537 455 2602 nd
477 2542 630 2621 patrem.

279 2647 309 2708 2.
338 2643 413 2709 Tale
442 2648 491 2709 est
518 2644 587 2722 boc,
615 2645 707 2728 quale
734 2644 815 2711 illud
844 2643 993 2710 lobannis
1024 2644 1184 2726 baptistae
1218 2643 1405 2710 mittentisu

234 2749 410 2834 discipulos
425 2768 499 2815 suos
514 2749 552 2814 nd
566 2749 673 2815 Iesum
689 2754 721 2814 ct
735 2749 886 2816 dicentia:
905 2751 958 2814 its
977 2753 1013 2814 et
1031 2748 1164 2815 dieite:
1186 2747 1371 2815 Iohannes

235 2855 404 2938 baptista
432 2854 541 2919 misit
566 2873 631 2919 nos
660 2854 702 2920 nd
732 2858 767 2921 te
791 2855 937 2921 dicens:
962 2859 1001 2920 tn
1025 2873 1074 2933 es,
1099 2853 1162 2937 qui
1187 2858 1370 2920 uenturus

236 2981 284 3037 os,
308 2981 349 3024 nn
374 2960 488 3025 olium
517 2963 778 3042 expectamus?
807 2960 866 3026 sub
895 2979 954 3025 sua
980 2978 1112 3044 persona
1142 2959 1368 3045 discipulomm

235 3085 362 3130 suorum
378 3066 445 3148 agit
458 3084 596 3131 causam.
616 3084 672 3129 noc
692 3067 772 3130 enim
794 3065 949 3130 lebannes
968 3065 1144 3144 dubitabat,
1164 3067 1220 3149 qui
1239 3065 1367 3131 dixerat:

235 3190 319 3236 ecce
344 3190 461 3254 ugnus
486 3171 556 3248 dei,
581 3190 666 3238 ecco
696 3173 757 3253 qui
785 3171 893 3236 tollit
919 3174 1116 3255 peccatum
1143 3169 1284 3249 mundi,
1319 3170 1400 3236 seda·

234 3281 271 3341 ut
298 3276 463 3360 discipulis
495 3277 562 3342 suis
591 3277 669 3342 satis
706 3277 832 3354 laceret,
860 3277 961 3341 mittit
987 3276 1061 3342 illos
1092 3276 1159 3342 suis
1188 3276 1309 3353 uerbis,
1334 3281 1366 3342 nt

234 3383 401 3447 saluatoris
434 3400 485 3447 ore
517 3382 664 3461 firmaret,
689 3382 772 3466 quod
802 3383 871 3465 ipse
904 3383 942 3447 de
974 3383 1029 3448 illo
1063 3380 1207 3460 docebat,
1235 3386 1274 3446 ut
1301 3386 1367 3466 post

234 3507 396 3552 excessum
421 3506 514 3552 suum
539 3488 605 3551 sino
629 3486 825 3552 dubitatione
845 3487 952 3569 aliqua
970 3487 1117 3570 discipuli
1138 3487 1191 3552 sni
1210 3486 1365 3553 Christum

234 3596 445 3675 sequerentur.
469 3593 513 3656 ita
536 3596 568 3656 et
590 3592 731 3657 saluator
753 3593 784 3656 in
804 3611 839 3656 se
858 3592 991 3661 Mariam
1011 3592 1118 3676 arguit
1139 3591 1265 3658 dicens:
1290 3612 1364 3657 nou·

235 3699 317 3762 dum
351 3697 502 3763 ascendi
531 3697 573 3761 ad
601 3701 754 3780 patrem.
784 3696 816 3761 id
844 3702 909 3761 est:
938 3697 1051 3761 ‘adbuc
1080 3701 1254 3762 cortuum
1283 3698 1399 3763 hunria

233 3822 377 3889 pressum
401 3807 460 3881 est,
484 3821 574 3886 quae,
594 3804 700 3867 sinon
721 3804 822 3879 uides,
842 3820 901 3867 non
922 3802 1044 3868 credis’.
1064 3802 1093 3869 si
1113 3802 1196 3867 enim
1217 3801 1257 3867 ad
1277 3803 1363 3868 deum

234 3928 287 3974 cor
323 3911 489 3985 eleuxsset,
526 3909 731 3974 resurrexisse
768 3908 929 3973 dominum
967 3926 1040 3973 cum
1077 3908 1243 3992 discipulis
1276 3907 1364 3974 credi·

234 4015 344 4082 disset.

325 4252 565 4315 lisiardo-9
622 4253 846 4318 1110b.20,17
905 4254 944 4308 13.
964 4254 998 4307 24
1017 4252 1075 4306 lob.
1095 4253 1141 4321 20,
1162 4253 1193 4306 17
1253 4253 1287 4307 16
1306 4252 1362 4306 Luc.

234 4340 312 4403 ΗΟ
365 4339 476 4395 201011.
497 4341 574 4405 129

270 4564 408 4617 dsciebat
427 4564 585 4633 scripturam
604 4565 653 4618 Ia'o
726 4564 868 4634 oportebat
888 4564 937 4617 Ka
995 4563 1145 4618 tuidebat
1164 4563 1213 4619 Ka
1267 4567 1360 4619 imos·

234 4657 288 4704 teru
309 4651 355 4704 K«
393 4653 511 4705 ismario
529 4651 591 4705 DK
629 4653 774 4722 ipropter
792 4669 909 4707 amorem
928 4652 960 4705 Κ
976 4668 1023 4722 per
1041 4667 1199 4707 amorenro
1238 4652 1269 4706 12
1288 4668 1359 4722 quac·

234 4738 270 4791 ris
290 4738 337 4790 lio
423 4754 509 4807 aquo
529 4755 579 4792 osor.
598 4738 645 4792 Ka
719 4742 752 4793 lb
771 4739 839 4808 lob}
859 4740 932 4793 beati
952 4739 1008 4793 lob.
1025 4757 1041 4791 a
1118 4741 1151 4794 16
1171 4744 1199 4795 et
1218 4740 1266 4797 alt.
1285 4755 1358 4794 oeno

233 4826 268 4881 20
288 4831 396 4896 peccato
416 4825 465 4879 Ka
518 4827 552 4880 26
571 4829 651 4895 quael
672 4842 749 4895 quem
770 4844 786 4878 u
859 4827 986 4881 credeso
