3275 6434
1371 1412 1520 1484 Cap.
1556 1412 1778 1471 cxxvl
1812 1411 2006 1469 s-u,
2690 1417 2821 1485 397

542 1627 618 1675 se
673 1607 949 1677 subiecit
1000 1611 1283 1693 peccato,
1344 1606 1794 1675 lamentatione
1857 1608 1923 1674 et
1984 1606 2231 1693 gemitu
2283 1607 2583 1692 impetrat
2635 1606 2822 1674 oblit-

541 1713 738 1779 terari
780 1716 1133 1799 peccatum.
1190 1714 1398 1779 sciens
1444 1712 1612 1778 enim
1656 1711 2055 1798 prudensque
2100 1711 2419 1796 peccauit:
2474 1732 2597 1780 non
2650 1713 2824 1798 quod

541 1818 781 1903 aliquis
833 1818 1083 1903 ignoret
1131 1821 1485 1903 peccatum,
1553 1816 1667 1884 sed
1731 1818 1838 1902 qui
1893 1817 2099 1884 nescit
2149 1816 2340 1884 deum
2392 1817 2821 1884 iudicaturum

542 1922 780 2008 inpune
823 1928 1011 2006 putat
1053 1924 1342 1990 futurum
1387 1922 1556 2006 quod
1600 1925 1841 2007 peccat.

467 2047 506 2093 e
641 2030 744 2094 13.
789 2030 884 2094 Ac
926 2047 1040 2113 per
1081 2029 1204 2095 hoc
1249 2027 1529 2114 gentilis,
1577 2027 1635 2093 si
1679 2028 1960 2112 coeperit
1998 2025 2296 2093 infirmari
2359 2030 2425 2095 et
2466 2027 2607 2113 ipsa
2647 2027 2821 2094 uitae

543 2133 981 2218 desperatione
1025 2137 1257 2202 tractet
1297 2134 1468 2218 apud
1513 2152 1582 2200 se
1618 2133 1697 2199 de
1733 2133 1856 2199 fide
1893 2137 1960 2200 et
1993 2151 2106 2218 spe
2141 2133 2488 2218 promissa,
2506 2134 2820 2218 integram

541 2241 742 2308 babet
783 2259 1062 2318 causam,
1108 2243 1187 2307 ut
1228 2239 1380 2306 huic
1414 2239 1706 2306 credenti
1749 2240 2154 2305 remittantur
2184 2243 2447 2322 peccata
2490 2256 2604 2304 nec
2649 2239 2819 2303 tene·

543 2350 692 2412 atur
731 2346 797 2412 in
842 2346 1083 2425 inferis,
1130 2346 1383 2432 signum
1429 2346 1635 2412 ferens
1682 2363 1899 2413 secum
1947 2345 2195 2412 euictae
2236 2345 2462 2411 mortis
2507 2361 2581 2409 ac
2628 2341 2820 2426 spoli-

543 2456 708 2530 atae,
761 2452 916 2519 licet
967 2471 1093 2519 non
1145 2451 1378 2519 hebeat
1431 2450 1806 2537 dignitatem
1860 2452 1969 2517 uel
2019 2450 2606 2527 remunerationem,
2671 2448 2824 2531 quia

445 2576 509 2623 so
544 2557 737 2625 debet
779 2558 1021 2641 aliquid
1065 2559 1368 2625 interesse
1413 2558 1579 2624 inter
1622 2576 1792 2634 eum,
1848 2556 1956 2639 qui
2011 2558 2394 2640 prouocatus
2450 2572 2660 2621 amore
2713 2553 2821 2620 do-

544 2663 704 2730 mini
753 2663 857 2731 sui
918 2668 1136 2731 contra
1177 2663 1398 2730 hostes
1453 2660 1592 2728 eius
1648 2661 1950 2728 dimicare
1999 2681 2125 2729 non
2177 2661 2397 2727 timuit
2448 2679 2695 2726 armans
2750 2677 2821 2726 se

543 2769 930 2836 continentia
973 2771 1041 2835 et
1083 2767 1523 2834 obseruatione
1569 2767 1850 2834 omnium
1904 2767 2228 2845 uitiorum,
2282 2767 2360 2832 ut
2408 2765 2618 2849 possit
2667 2765 2821 2831 resi-

543 2878 712 2942 stere
753 2876 943 2954 malo,
991 2893 1239 2958 semper
1281 2874 1599 2940 sollicitus
1647 2893 1772 2958 quo
1820 2872 2007 2940 modo
2050 2873 2390 2956 imperium
2433 2870 2670 2938 domini
2716 2869 2819 2937 sui

544 2979 860 3059 defendat,
904 2984 974 3046 et
1012 2979 1178 3045 inter
1220 2998 1386 3058 eum,
1434 2979 1541 3063 qui
1589 2998 1735 3044 cum
1779 2979 2056 3045 inimicis
2102 2978 2342 3045 domini
2384 2977 2486 3045 sui
2522 2977 2816 3044 conueni-

448 3103 508 3151 ιι
541 3105 654 3152 ens
701 3089 767 3152 et
812 3085 904 3151 eis
949 3083 1264 3151 adsistens
1298 3084 1363 3150 in
1399 3084 1587 3150 finem
1632 3084 1805 3150 uitae
1849 3083 1929 3150 ad
1972 3083 2298 3150 dominum
2343 3102 2531 3150 suum
2573 3101 2814 3170 regres-

543 3209 657 3258 sus
703 3194 823 3266 est,
867 3209 992 3256 uon
1035 3193 1114 3256 ut
1152 3208 1417 3275 regnum
1474 3189 1712 3255 domini
1768 3189 1868 3255 sui
1921 3188 2293 3269 uindicaret,
2348 3188 2462 3256 sed
2514 3188 2637 3255 sibi
2690 3187 2813 3256 soli

539 3296 735 3382 prode
780 3299 971 3378 esset,
1015 3296 1340 3364 missicius
1385 3300 1533 3362 ante
1576 3314 1767 3380 quam
1815 3296 2018 3363 miles.

636 3404 738 3469 14.
782 3401 901 3468 Ille
946 3402 1131 3482 enim,
1175 3402 1285 3497 qui
1331 3399 1552 3469 uiuere
1595 3401 1848 3468 mauult
1890 3400 2307 3479 Christianus,
2351 3406 2428 3468 ut
2468 3405 2618 3486 post
2649 3419 2813 3467 mor·

539 3511 672 3574 tem
697 3511 1148 3588 remuneretur,
1174 3509 1300 3574 scit
1325 3508 1477 3591 quia
1500 3526 1650 3573 non
1680 3509 1871 3572 sunt
1897 3506 2343 3592 condignae
2380 3506 2810 3591 passiones

444 3633 506 3679 so
540 3613 784 3680 buius
820 3613 1214 3698 temporis
1251 3613 1349 3707 ed
1382 3614 1739 3679 futuram
1777 3613 2141 3698 gloriam,
2168 3631 2381 3697 ,quae
2417 3611 2812 3679 reuelabi-

537 3724 670 3786 tur
713 3722 788 3786 in
833 3720 1088 3799 nobis,
1131 3738 1209 3786 ac
1260 3740 1373 3805 per
1427 3720 1550 3787 hoc
1603 3723 1906 3804 suscepta
1956 3737 2132 3785 arma
2182 3718 2331 3785 fidei
2385 3737 2503 3784 non
2560 3717 2815 3784 dubitat

536 3825 835 3911 congredi
886 3828 1106 3892 contra
1147 3826 1461 3911 principes
1509 3829 1576 3893 et
1619 3829 1992 3910 potestates,
2049 3828 2124 3890 ut
2174 3824 2239 3890 in
2295 3824 2551 3891 saeculo
2605 3823 2814 3890 uictor

534 3933 848 3999 exsistens
905 3935 1057 4015 post
1109 3932 1437 3998 saeculum
1485 3935 1841 3999 coronetur.
1889 3930 2150 4015 dignum
2198 3933 2301 3997 est
2351 3929 2517 3997 enim
2573 3933 2646 3996 ut
2701 3928 2812 4012 qui

528 4038 696 4103 inter
737 4036 1005 4120 perfidos
1044 4040 1111 4103 et
1145 4037 1416 4103 rebelles
1453 4037 1691 4103 domini
1730 4037 1831 4103 sui
1867 4056 2130 4122 regnum
2169 4036 2248 4103 ad
2280 4053 2579 4120 praesens
2617 4038 2811 4101 testa·

443 4158 499 4206 ι
530 4147 640 4209 tur
682 4143 875 4209 huius
920 4143 1015 4208 rei
1065 4142 1130 4207 in
1185 4142 1401 4210 futuro
1469 4146 1895 4227 consequatur
1947 4141 2323 4221 mercedem,
2387 4144 2463 4207 ut
2524 4141 2814 4207 uidentes

528 4249 775 4315 inimici
823 4248 924 4314 dei
970 4250 1199 4314 testem
1248 4247 1485 4315 Christi
1529 4254 1785 4331 propter
1830 4247 2245 4314 confessionis
2285 4266 2439 4313 suae
2473 4246 2808 4313 ueritatem

716 4457 782 4510 12
817 4455 888 4509 er.
924 4454 1061 4525 spu.
1097 4454 1152 4521 e,
1191 4454 1257 4510 ιε
1369 4455 1435 4509 ιο
1470 4453 1624 4508 nom.
1658 4454 1711 4518 s,
1750 4454 1820 4509 18
1924 4454 1990 4509 ει
2032 4454 2101 4510 er.
2137 4453 2280 4525 Bph.
2315 4455 2368 4520 e,
2407 4455 2492 4509 ιι.
2531 4453 2596 4508 12

607 4579 635 4633 1
675 4580 919 4650 inpetret
959 4577 1068 4633 ΟΔ
1175 4577 1497 4633 oblitterare
1532 4578 1589 4632 P
1657 4577 1692 4633 8
1729 4577 1936 4648 aliquid
1966 4578 2027 4632 Ν
2103 4579 2138 4633 6
2174 4580 2381 4632 tractat
2408 4576 2513 4632 012*
2577 4576 2611 4631 ‘1
2646 4576 2735 4630 bic
2759 4575 2815 4629 P

529 4667 656 4736 uec]
695 4682 763 4722 ne
798 4666 867 4721 Ν
1069 4668 1360 4721 teneantur
1394 4666 1451 4720 P
1489 4665 1613 4733 (alt.
1652 4683 1688 4720 n
1726 4670 1886 4736 exp),
1924 4666 1982 4720 X
2156 4666 2190 4720 9
2229 4664 2663 4720 remuneratione
2694 4662 2816 4718 NF

534 4755 600 4809 11
639 4755 836 4809 timuui
873 4753 944 4809 Π
1158 4754 1225 4809 13
1268 4753 1411 4809 malo
1457 4769 1670 4824 semper
1715 4753 2003 4825 sollicitus]
2050 4755 2303 4809 malorem
2341 4751 2706 4824 persollicitus
2745 4749 2813 4804 u

528 4843 696 4913 malo]
733 4843 934 4898 malum
969 4842 1038 4898 Ν
1120 4843 1187 4897 14
1213 4840 1488 4897 diffeudst
1525 4841 1745 4897 CNFB
1847 4842 1950 4897 ini
1955 4843 2132 4897 unicis
2172 4842 2221 4897 G
2310 4843 2375 4895 15
2410 4838 2681 4895 sdseucien
2683 4855 2729 4892 ιι
2755 4837 2812 4890 Ρ

530 4948 715 5001 regres
747 4932 821 4985 M
975 4932 1042 4986 17
1079 4928 1301 5001 pdesset
1333 4933 1518 5001 (corr.)
1554 4931 1611 4985 P
1642 4929 1808 5002 prode
1810 4935 1925 4985 sset
1962 4931 2012 4986 0
2040 4931 2161 4999 (alt.
2200 4947 2226 4985 s
2262 4947 2306 4985 s.
2344 4929 2424 4997 1.,)
2458 4927 2519 4983 Ν
2555 4925 2808 4999 prodesse

467 5021 485 5032 ⁶
531 5017 597 5072 X
750 5018 1018 5073 missicius
1048 5018 1248 5088 scripsi
1281 5018 1562 5073 messicius
1588 5017 1813 5073 PCNX
1844 5019 2133 5073 mensicius
2167 5017 2242 5074 Π
2412 5015 2591 5070 milles
2626 5016 2810 5083 (corr.)

530 5106 608 5161 Π
782 5107 850 5161 18
886 5122 1016 5161 uere
1056 5105 1106 5160 0
1241 5106 1472 5177 mauult]
1513 5107 1634 5162 uult
1673 5105 1843 5162 CNx
1872 5122 1907 5161 s
1943 5106 2065 5161 uult
2098 5104 2157 5160 Ρ
2310 5104 2385 5159 24
2420 5102 2584 5173 inter]
2621 5101 2813 5156 terli

531 5193 786 5265 perfidos]
823 5193 1094 5266 perfectos
1133 5194 1183 5249 G
1354 5194 1602 5265 rebelles]
1639 5194 1872 5250 resenas
1914 5192 1963 5248 0
2098 5193 2168 5247 25
2203 5191 2491 5248 mercidem
2527 5188 2589 5243 Ν
2725 5189 2807 5242 ui·

530 5281 716 5337 dentis
758 5281 806 5338 G
