3275 6434
183 687 1337 1026 -uh-

660 1413 950 1484 prolegomene.
1252 1422 1368 1488 xxt'll

278 1606 543 1671 Vetustissimum
571 1605 655 1689 quod
684 1610 787 1672 ersmt
808 1607 904 1673 huius
927 1609 1120 1674 recensionis
1144 1612 1301 1695 exemplar
1322 1620 1371 1679 est
1386 1617 1415 1670 11

231 1710 331 1776 codex
353 1711 594 1777 Parisiecus
618 1710 694 1776 bibl.
717 1715 781 1776 nat.
805 1713 1223 1794 luens(euec.x11)‚oltm
1243 1717 1275 1784 S.
1296 1715 1370 1784 (ier-

232 1817 317 1881 mani
350 1835 370 1880 a
398 1817 504 1882 Pratis
535 1816 590 1900 (N.
615 1817 679 1879 764
712 1818 753 1882 ol.
787 1819 867 1900 219)
896 1819 928 1884 lt.
958 1821 1135 1895 rer-llo,
1168 1821 1252 1902 quod
1284 1824 1370 1888 uarie

231 1922 407 2006 Augustini
426 1922 609 1987 stallorum
629 1941 723 2003 opere
741 1923 882 1988 continet
900 1928 933 1988 et
950 1928 1023 2007 post
1039 1924 1247 2001 eraestionee
1260 1927 1370 1993 Hiero·

232 2027 319 2110 nymi
339 2028 585 2093 Allermtr'orsem
603 2028 689 2092 iuter·
710 2026 928 2095 Orruodoeem
946 2035 976 2094 et
993 2030 1256 2113 Imcr'ferr'unum.
1275 2032 1370 2097 codex

233 2131 348 2197 editori
380 2133 585 2199 Benedictino
617 2132 653 2199 P.
678 2132 833 2199 Constant
864 2137 958 2199 notus
990 2140 1111 2200 tentum
1144 2138 1222 2203 setis
1253 2137 1369 2203 bonnm

234 2237 372 2316 exhibet,
395 2237 452 2304 sed
474 2239 676 2304 menifestum
706 2242 756 2304 est
782 2257 853 2304 eum
882 2240 1075 2324 descriptum
1103 2260 1173 2307 esse
1200 2261 1236 2308 er
1263 2243 1370 2309 codice

234 2343 342 2425 abqno
376 2343 618 2428 diligentissime
651 2347 791 2410 correcto
818 2345 866 2408 ita
892 2349 929 2410 ut
956 2345 1062 2428 alique
1089 2364 1177 2412 seruc
1203 2347 1370 2413 latinitatis

235 2448 350 2512 iudicia
378 2449 542 2531 scriptoris
570 2449 693 2533 propria
722 2448 910 2514 dolerentur.
939 2449 1078 2515 codicem
1107 2455 1155 2516 ter
1176 2457 1263 2516 trans
1286 2472 1370 2516 mare

236 2553 465 2638 benignissime
487 2556 622 2620 missum
645 2556 838 2620 contulimus
862 2574 921 2639 ego
945 2559 978 2621 et
1000 2556 1049 2620 W.
1072 2557 1107 2621 B.
1129 2556 1301 2622 Anderson.

277 2657 414 2724 Codices
445 2659 671 2724 Patauinus
703 2659 780 2724 bibl.
805 2659 1031 2725 Uniuersitatis
1063 2662 1146 2724 1444
1172 2677 1265 2726 tseec.
1288 2661 1370 2745 XV).

235 2781 328 2846 quem
353 2767 457 2829 totum
480 2764 532 2829 lric
555 2765 695 2829 conferre
717 2765 807 2846 potui
831 2783 887 2846 per
908 2753 1131 2830 liberalitatem
1157 2764 1257 2830 ltnlici
1277 2767 1370 2830 llini-

236 2869 324 2933 sterii
357 2866 578 2934 Instructionis
609 2869 771 2945 Publicae.
805 2876 839 2934 et
870 2869 1070 2935 Caesones
1102 2870 1179 2935 bibl.
1211 2870 1369 2935 blnlatest.

241 2974 318 3056 plut
344 2974 388 3038 lx
413 2974 481 3039 cod.
505 2972 553 3039 llI
576 2974 649 3060 (scr.
673 2992 780 3040 meuse
803 2974 869 3040 len.
895 2976 1005 3048 1453).
1034 2976 1124 3041 cuius
1147 2976 1298 3041 lectiones
1317 2977 1371 3040 ali·

241 3083 317 3161 quot
349 3079 484 3144 selectas
516 3097 640 3144 mecum
672 3081 920 3145 communicauit
955 3081 1168 3146 intercedente
1200 3080 1238 3147 G.
1270 3081 1370 3146 llon’n

241 3184 430 3250 Benedictus
459 3185 558 3250 Wolff
582 3183 747 3263 Caesones,
780 3187 926 3268 quoniam
959 3192 1092 3268 uterque
1124 3206 1141 3249 n
1169 3184 1370 3251 Gerruanensi

241 3290 414 3365 descendit,
438 3292 556 3355 nullius
579 3292 672 3375 pretii
695 3297 770 3357 sunt
792 3290 831 3356 ad
853 3297 974 3357 textum
998 3291 1261 3356 constituendum.

281 3393 390 3460 Codex
422 3396 705 3461 bruxellensis
737 3396 813 3462 bibl.
845 3416 908 3480 reg.
944 3398 1027 3461 1125
1052 3398 1253 3469 loeo-636)
1277 3397 1417 3483 (saecli

242 3498 308 3582 XV)
332 3502 362 3564 ll.
383 3501 547 3580 sto-131,
570 3502 644 3567 olim
665 3502 696 3567 S.
719 3503 847 3568 Martini
870 3502 1085 3576 Louanieusis,
1109 3503 1164 3585 qrri
1187 3521 1280 3585 saepe
1303 3521 1373 3567 curn

243 3606 377 3671 editione
393 3609 532 3690 principe
547 3607 634 3692 (uide
652 3605 745 3692 intra)
764 3607 941 3684 concordat,
961 3626 1020 3672 nou
1039 3607 1180 3673 eiusdem
1200 3614 1250 3672 est
1268 3609 1389 3691 stirpis·

243 3732 274 3778 ac
298 3711 522 3779 Germaneusie
545 3718 577 3778 et
600 3717 719 3779 textum
748 3713 909 3795 aliquanto
936 3713 1090 3778 inferioris
1118 3716 1210 3778 notae
1237 3713 1374 3797 praebet.

244 3820 321 3883 inter
344 3837 400 3884 eos
423 3820 640 3903 cognationem
664 3819 789 3884 delinire
813 3818 971 3884 nonlicet
998 3837 1107 3901 usque.
1126 3824 1224 3884 testes
1252 3823 1374 3883 nostro>

244 3924 269 3987 in
293 3924 415 3988 classes
438 3925 588 4009 digerere.
611 3925 778 3991 lectionem
797 3942 905 3989 ueram
924 3923 1017 3990 modo
1036 3924 1087 3989 bic
1106 3923 1199 3988 modo
1218 3923 1273 3988 ille
1291 3942 1375 4006 prae-

245 4034 326 4094 stare
344 4030 482 4095 uidetur.
499 4028 639 4095 codicem
659 4030 772 4112 partim
793 4048 851 4114 ego
871 4030 985 4112 partim
1000 4028 1037 4094 G.
1052 4029 1153 4094 Morio
1172 4029 1374 4094 contulimus.

284 4132 366 4200 cum
399 4134 524 4200 codices
558 4135 620 4199 duo
652 4140 813 4218 tantopere
844 4134 926 4200 inter
956 4153 991 4200 se
1022 4134 1176 4210 differant,
1208 4153 1268 4199 non
1296 4133 1374 4197 nibil
1403 4166 1419 4195 a

244 4239 448 4306 emolumenti
476 4240 597 4306 confert
624 4240 750 4306 editio
779 4242 969 4324 princeps
994 4240 1040 4322 iol
1065 4260 1082 4303 u.
1105 4239 1218 4303 lacobo
1242 4238 1377 4303 Haemer·

244 4343 404 4425 erreurtrur
417 4345 536 4410 manoe
558 4348 696 4426 Opermu
708 4394 715 4408 .
726 4393 733 4408 .
746 4397 752 4410 .
764 4345 949 4429 Arrpuslr'ni
959 4343 984 4400 ¹⁸¹
1000 4344 1128 4408 Parisiis
1146 4342 1243 4426 1531)
1260 4346 1376 4407 curata.

245 4450 333 4515 cuius
365 4450 602 4515 fundamentum
635 4455 702 4516 erut
731 4449 830 4516 codex
859 4449 1038 4514 Victorinus
1071 4448 1144 4513 uoni
1176 4447 1227 4512 uel
1263 4447 1375 4512 decimi

245 4555 373 4631 saeculi,
392 4574 475 4621 nunc
492 4554 721 4639 deperdituer
739 4555 861 4638 aliquot
880 4554 961 4620 enim
981 4554 1078 4618 bonas
1097 4553 1249 4618 lectiones
1268 4571 1304 4617 er
1322 4552 1376 4616 illa

245 4659 381 4724 editione
398 4658 513 4725 lucrari
530 4658 693 4741 potuimus
711 4659 755 4744 (p.
775 4662 850 4733 ctu,
872 4662 921 4737 13,
939 4657 979 4723 ct.
1001 4658 1074 4731 125,
1093 4657 1161 4739 20).
1180 4675 1250 4721 cum
1271 4661 1376 4720 nostem

247 4764 338 4831 codex
374 4765 429 4829 ille
462 4785 559 4849 neque
595 4785 631 4830 ac
664 4763 885 4831 Germanensis
921 4765 1097 4830 contineret
1129 4762 1375 4826 Altero-ctionem

250 4870 454 4953 brecisembm'
469 4876 500 4935 et
520 4871 704 4938 Ortbmlom'.
724 4875 759 4936 ut
776 4875 913 4936 testetur
930 4871 997 4953 ipse
1012 4869 1157 4943 Hnemer.
1178 4867 1242 4932 iteri
1262 4868 1376 4949 potuit.

292 5011 310 5071 ¹)
328 5007 374 5063 Sic
391 5009 489 5064 titulus
507 5009 636 5065 editionis
654 5012 700 5080 qui
720 5015 794 5065 cenet
811 5009 923 5064 editoris
942 5009 1058 5062 nomine.

292 5100 311 5162 1)
329 5096 370 5151 Oi.
389 5096 513 5164 Hoerner,
530 5097 627 5168 praet:
647 5099 728 5153 ‘inter
745 5097 805 5152 ule'u
823 5114 934 5166 suamc
950 5095 1098 5150 {seddim
1119 5096 1149 5148 in
1167 5096 1376 5149 metuimus·

254 5185 383 5253 emptor
404 5185 466 5239 diei
488 5185 606 5240 l’e'ctors'e
627 5185 667 5239 uel
688 5201 780 5241 macros
798 5184 986 5251 Pristensem,
1010 5182 1043 5236 cl.
1067 5180 1109 5236 ed.
1129 5181 1230 5235 Bened.
1253 5186 1318 5235 tom.
1337 5179 1379 5234 lll

255 5269 341 5324 lPsrie.
361 5271 441 5338 1680)
459 5289 521 5341 epp.
541 5290 567 5343 p.
588 5272 735 5327 143-144.
