3275 6434
470 1471 556 1536 84
1260 1466 1462 1521 Liber
1496 1468 1965 1538 quaestionum

467 1680 616 1728 nere
658 1661 1011 1739 incensum,
1057 1662 1237 1727 hiatu
1279 1664 1483 1728 terras
1526 1659 1905 1746 absumptus
1950 1665 2054 1726 est
2087 1680 2233 1727 cum
2270 1661 2465 1728 sociis
2496 1663 2657 1729 suis.
2696 1668 2770 1734 et

471 1765 659 1836 Ozias
692 1786 819 1848 rex,
854 1785 1001 1833 cum
1036 1785 1160 1833 non
1197 1765 1423 1850 utique
1457 1769 1632 1832 esset
1667 1784 1740 1832 ex
1774 1764 2020 1832 semine
2052 1767 2296 1848 Aaron.
2327 1765 2444 1834 sed
2477 1787 2550 1834 ex
2586 1768 2760 1835 trihu

468 1873 652 1953 luda,
696 1877 765 1941 et
815 1872 1353 1957 praesumpsisset
1409 1890 1596 1958 agere
1650 1871 2098 1952 sacerdotium,
2142 1876 2321 1950 ,thu
2372 1876 2519 1941 aute
2561 1874 2763 1942 altare

467 1997 814 2063 percussus
857 1980 1036 2062 lepra
1076 1979 1140 2045 in
1186 1979 1392 2044 fronte
1438 1982 1542 2044 est
1583 1982 1651 2044 et
1693 1977 1791 2044 sic
1836 1978 2204 2063 exspirauit.

558 2086 624 2150 2.
667 2085 776 2152 mi
811 2089 1049 2165 autem,
1087 2086 1198 2169 qui
1244 2084 1469 2151 dicunt
1505 2082 1913 2151 Samuhelem
1949 2105 2072 2153 non
2108 2089 2331 2152 natum
2377 2106 2519 2153 esse
2555 2106 2761 2156 sacer·
2825 2106 2851 2149 s

470 2190 686 2258 dotem
750 2194 818 2257 et
877 2190 1076 2257 nihilo
1138 2190 1350 2257 minus
1414 2189 1627 2277 egisse
1688 2190 1875 2256 illum
1942 2190 2244 2258 adserunt
2310 2192 2774 2270 sacerdotium..

466 2297 628 2363 satis
672 2298 946 2364 stultum
992 2301 1094 2363 est
1135 2296 1309 2381 quod
1351 2296 1593 2363 dicunt.
1646 2299 1715 2363 et
1756 2298 1959 2363 stulto
2002 2297 2271 2364 suadere
2316 2297 2490 2383 quod
2508 2297 2763 2366 ,bouum

470 2408 592 2480 est,
644 2403 881 2469 laboris
937 2407 1039 2469 est
1097 2402 1375 2469 maximi.
1440 2405 1678 2487 quanta
1742 2401 1909 2468 enim
1972 2402 2357 2469 hebetudine
2420 2403 2762 2480 ducuntur,

470 2514 548 2576 ut
580 2510 716 2576 sole
760 2513 1095 2594 apparente
1140 2527 1334 2593 super
1375 2511 1607 2576 terram
1645 2508 1861 2575 dicant
1893 2510 2046 2593 quia
2081 2528 2203 2576 nox
2238 2512 2367 2576 est!
2405 2528 2552 2577 cum
2590 2510 2758 2576 enim

468 2615 685 2703 legant
732 2619 799 2682 et
838 2633 964 2682 non
1011 2635 1138 2682 uno
1193 2615 1338 2680 loco
1392 2615 1614 2700 legant
1667 2614 1791 2690 hoc
1844 2634 1882 2679 a
1936 2614 2056 2681 deo
2101 2634 2245 2681 esse
2290 2616 2641 2697 decretum,
2684 2627 2763 2682 ut
2794 2634 2847 2677 ιο

469 2740 654 2789 nemo
699 2721 961 2788 auderet
1003 2720 1429 2787 sacerdotium
1476 2738 1665 2806 agere
1708 2725 1964 2805 praeter
2005 2720 2217 2788 Aaron
2260 2725 2329 2786 et
2369 2719 2537 2788 filios
2593 2722 2759 2792 eius.

470 2828 794 2894 obstinata
863 2831 1073 2894 mente
1145 2826 1534 2894 contendunt
1607 2825 2003 2893 sacerdotem
2064 2814 2290 2893 fuisse'
2329 2825 2760 2894 Samuhelem.

470 2953 593 3002 non
638 2934 808 3001 euim
850 2933 1253 3019 intellegunt,
1299 2932 1449 3017 quia
1492 2932 1552 2999 si
1596 2935 1787 2999 natus
1824 2932 2120 2998 sacerdos
2156 2951 2280 2999 non
2317 2936 2421 2999 est
2454 2931 2758 3000 Samuhel

470 3044 538 3107 et
570 3039 992 3107 sacerdotium
1031 3040 1185 3126 egit,
1219 3042 1665 3123 praesumptor
1699 3038 1955 3119 dicitur,
1994 3039 2147 3124 quia
2171 3039 2294 3105 hoc
2320 3038 2478 3106 deus
2505 3040 2758 3117 statuit,

469 3150 547 3213 ut
570 3147 997 3224 nascerentur,
1025 3164 1149 3211 non
1193 3144 1417 3211 flerent
1451 3145 1833 3212 sacerdotes.
1874 3149 1941 3211 et
1974 3144 2058 3211 de
2084 3136 2426 3212 Samuhele
2459 3147 2585 3213 hoc
2618 3166 2757 3214 sen-
2794 3165 2846 3214 ιβ

469 3254 592 3320 tire
634 3256 793 3337 puto
837 3255 1053 3318 tutum
1096 3271 1220 3319 non
1267 3271 1428 3318 esse.
1473 3270 1601 3335 quo
1647 3252 1839 3334 modo
1884 3250 2054 3317 enim
2088 3251 2312 3337 posset
2344 3250 2503 3333 lieri,
2547 3255 2627 3318 ut
2659 3253 2761 3318 uir

467 3357 812 3426 laudabilis
868 3361 935 3424 et
985 3358 1089 3425 dei
1138 3358 1510 3425 testimonio
1574 3355 2058 3424 commendatus
2108 3357 2234 3425 hoc
2285 3361 2524 3444 ageret,
2587 3359 2757 3445 quod

465 3464 907 3532 inconcessum
961 3464 1246 3531 sciebat?
1302 3463 1489 3530 cuius
1553 3462 1747 3529 etiam
1813 3463 2344 3552 praesumptionis
2406 3462 2758 3531 uindictam

467 3588 582 3654 pro
627 3574 801 3637 certo
844 3569 1124 3636 hahebat
1165 3568 1369 3635 semel
1406 3571 1473 3634 et
1514 3567 1748 3634 iterum
1795 3569 2049 3634 factam.
2093 3587 2210 3634 nec
2247 3567 2415 3634 enim
2454 3568 2560 3634 dei
2592 3568 2759 3635 iudi-

471 3675 571 3742 cio
614 3678 868 3763 poterat
910 3675 991 3740 ad
1043 3675 1166 3741 hoc
1218 3674 1566 3758 adspirare,
1623 3693 1817 3759 quem
1870 3670 2318 3740 inmutabilem
2378 3673 2657 3754 sciehat;
2720 3695 2758 3740 a
2791 3696 2851 3740 ιο

472 3775 620 3864 quo,
691 3781 779 3850 si‘
811 3780 975 3846 forte
1035 3780 1161 3846 hoc
1223 3780 1532 3861 audisset,
1593 3779 1894 3864 temptari
1969 3800 2039 3847 se
2100 3781 2318 3864 potius
2381 3779 2761 3847 credidisset

470 3885 730 3953 sciendo
775 3885 965 3952 deum
1010 3886 1187 3951 nullo
1233 3885 1422 3952 modo
1469 3884 1852 3953 senteutiam
1897 3903 2082 3950 suam
2135 3903 2326 3969 posse
2386 3884 2764 3952 rescindere.

468 3995 695 4076 posset
737 3992 904 4058 euim
947 3993 1157 4078 magis
1193 3991 1317 4058 suh
1362 3991 1467 4058 dei
1502 3990 1873 4077 apparentia
1907 3994 1976 4057 et
2007 3990 2262 4057 nomine
2295 3989 2365 4055 id
2399 3990 2508 4076 agi
2541 4009 2763 4058 secum

471 4099 746 4179 credere,
791 4102 869 4164 ut
920 4098 1488 4165 circumueniretur
1540 4117 1580 4164 a
1628 4100 1810 4182 parte
1855 4097 2145 4174 aduersa,
2200 4115 2391 4181 quam
2447 4096 2760 4164 iudicium

472 4223 662 4271 suum
710 4204 900 4271 deum
945 4223 1136 4289 posse
1181 4207 1452 4272 mutare.
2792 4227 2848 4270 ss

562 4312 625 4376 3.
644 4309 934 4393 Denique
953 4328 1097 4375 cum
1116 4310 1378 4375 Balaam
1408 4309 1770 4392 prohibitus
1795 4313 1971 4375 esset
1986 4329 2024 4374 a
2043 4309 2184 4388 deo,
2205 4328 2283 4375 ne
2302 4308 2426 4375 iret
2445 4309 2527 4374 ad
2543 4307 2763 4376 Balac.

649 4571 684 4624 2
723 4569 792 4625 cf.
830 4570 887 4625 11
922 4570 1043 4627 Par.
1079 4569 1168 4632 26,
1211 4571 1414 4625 16-21
1527 4573 1597 4626 26
1634 4569 1704 4629 cf.
1740 4569 1905 4625 Num.
1940 4571 2029 4635 22,
2071 4571 2281 4625 12—30

548 4730 574 4783 1
615 4731 923 4800 assumptus
957 4728 1014 4783 P
1046 4728 1364 4799 adsumptus
1400 4728 1516 4783 NB
1639 4728 1677 4781 2
1711 4730 1905 4799 utique
1941 4745 2064 4783 enm
2099 4744 2208 4782 non
2244 4727 2301 4780 P
2441 4727 2656 4799 uti-qao
2688 4727 2767 4782 Π

473 4818 510 4872 5
544 4817 758 4887 natum]
795 4820 1039 4872 mentum
1073 4817 1261 4888 (corr.)
1295 4816 1371 4871 M
1541 4818 1577 4872 8
1611 4816 1949 4872 habetudine
1985 4815 2061 4870 M
2205 4815 2459 4870 dicuutur
2488 4816 2567 4871 11
2595 4818 2761 4883 (corr.

472 4904 608 4976 ιθ).
634 4905 700 4962 1
730 4909 892 4974 (con.
927 4905 1100 4974 Δια)
1205 4905 1240 4959 9
1278 4909 1538 4975 aparente
1563 4905 1628 4960 X
1660 4907 1825 4977 (corr.
1858 4904 2030 4973 Ans)
2140 4905 2206 4960 10
2240 4902 2543 4975 dmum]
2575 4901 2762 4960 dicere

474 4991 749 5048 decretum
779 4992 948 5049 GNX
1020 4993 1090 5046 12
1126 4991 1380 5048 obtinata
1412 4995 1600 5062 (con.)
1621 4993 1701 5048 Π
1771 4991 1840 5046 18
1874 4992 1924 5046 ai
1958 4992 2000 5060 (i
2034 4993 2100 5047 s'n
2133 4997 2269 5058 ras.)
2300 4991 2379 5046 Π
2448 4991 2516 5046 14
2551 4991 2632 5062 et]
2657 5019 2684 5044 ι
2715 4991 2768 5044 s

471 5080 580 5136 hoe
611 5097 718 5137 on.-
752 5081 818 5136 X
976 5081 1045 5137 lo
1079 5084 1262 5137 totum
1292 5079 1355 5145 0.
1375 5081 1439 5137 X
1470 5084 1630 5149 (corr.
1667 5081 1841 5148 Δια)
1876 5107 1903 5133 ο
1926 5082 2105 5135 totam
2140 5079 2413 5149 (oona-tl
2571 5078 2641 5137 18
2673 5079 2765 5140 in·

473 5184 679 5224 canaam
712 5168 804 5236 1,
835 5171 1024 5239 (corr.)
1055 5169 1120 5226 F
1235 5169 1482 5226 uindicta
1512 5169 1695 5225 ΝΘΕ
1802 5169 1868 5223 19
1902 5168 2097 5240 aad]
2133 5168 2381 5227 nna-bel
2416 5167 2539 5222 Nx
2647 5183 2766 5236 ιρι

473 5256 537 5311 Χ
639 5256 896 5316 iudicium
932 5257 999 5312 N
1069 5257 1152 5312 22
1187 5256 1464 5313 domiuum
1497 5257 1554 5312 P
1629 5258 1702 5313 24
1737 5257 1936 5313 choum
1971 5259 2265 5311 teneretur
2298 5253 2409 5310 oF
2508 5270 2545 5312 a
2575 5255 2776 5327 mm}

474 5351 664 5415 aperte
696 5345 775 5400 Π
872 5345 945 5400 28
978 5344 1236 5402 balaham
1271 5343 1440 5402 Noa
1584 5344 1781 5400 balaac
1815 5344 1881 5399 X
