3275 6434
233 966 298 1030 412
625 962 724 1017 Liber
741 964 973 1033 qnacrtionum

233 1160 266 1225 et
287 1158 413 1225 additur
435 1160 464 1226 ei
487 1159 572 1244 qaod
598 1159 725 1226 additur
752 1160 791 1227 nd
818 1178 960 1245 poenam,
988 1181 1061 1230 cura
1088 1162 1193 1231 audite
1219 1164 1371 1250 repleor

233 1264 385 1349 replebo
409 1283 594 1333 maerores
617 1270 706 1333 tuoe
728 1270 766 1333 et
787 1267 965 1352 gemitum
989 1272 1111 1336 tuum:
1137 1268 1175 1336 in
1202 1268 1372 1336 triatitia

232 1370 357 1453 parier
380 1370 488 1437 filice
511 1374 549 1437 et
570 1370 614 1438 ad
636 1371 759 1439 ni'rum
782 1373 888 1438 tuum
911 1374 1114 1440 connereio
1136 1378 1206 1442 tna
1230 1378 1271 1444 et
1290 1376 1372 1459 ipea

233 1475 291 1541 tui
314 1475 578 1543 dominabitur.

277 1582 330 1646 30.
351 1580 516 1665 Numquid
538 1581 632 1649 aliter
651 1583 756 1648 iuerat
777 1581 950 1663 decretum,
977 1601 1070 1667 quam
1094 1584 1211 1651 mulier
1232 1584 1372 1653 dominio
1397 1601 1410 1643 ι

234 1685 296 1752 uiri
323 1690 410 1759 eeeet
436 1686 601 1753 subiecta?
631 1686 705 1753 binc
731 1705 805 1779 ergo
832 1692 962 1773 apparot
994 1688 1158 1756 mulierem
1188 1695 1372 1757 moratam

234 1809 305 1858 aeae
332 1792 371 1858 ad
398 1791 442 1870 id,
469 1793 555 1878 quod
582 1793 686 1860 iuerat
712 1793 805 1870 iacta,
834 1811 906 1860 cum
934 1789 1159 1862 additamento.
1191 1794 1278 1861 unda
1314 1795 1371 1862 ait:

233 1898 385 1982 repicne
412 1899 567 1982 replebo
599 1917 786 1966 macroroe
813 1903 900 1966 tuoe
928 1903 965 1966 at
992 1899 1182 1984 gemitum.
1216 1899 1296 1984 qnid
1327 1919 1372 1967 re

233 2002 322 2088 plet?
348 2003 379 2069 in
408 2022 444 2070 ec
472 2003 557 2088 quod
583 2005 689 2071 minue
716 2010 765 2073 eat
792 2005 977 2075 antinoon
1004 2005 1036 2071 in
1060 2022 1097 2072 eo
1119 2004 1206 2090 quon
1233 2024 1297 2072 non
1325 2009 1374 2072 eat

235 2107 362 2175 uidetur
388 2111 518 2193 operari.
557 2110 610 2176 bic
642 2129 716 2196 crgo
748 2110 914 2190 renuntia,
942 2128 1022 2194 qnae
1053 2114 1126 2177 ante
1155 2114 1371 2199 procurrent:
1388 2124 1411 2169 ro

235 2215 398 2281 creacitc
434 2221 472 2281 ct
507 2215 828 2301 multiplicamini,
864 2234 925 2281 non
961 2215 1073 2300 incipit
1109 2213 1150 2280 ad
1188 2213 1373 2293 cumdum,

234 2318 292 2384 aad
322 2318 362 2384 ud
393 2324 564 2397 creaturan,
595 2339 675 2405 quae
706 2320 809 2387 iuerat
839 2338 1000 2397 coaoeeea,
1026 2319 1214 2409 pernicicm.
1246 2320 1372 2387 mulieri

235 2422 274 2489 nd
305 2424 487 2506 pariendum
514 2425 597 2492 filioa
625 2426 714 2493 dolor
737 2426 873 2503 additur,
906 2424 1079 2492 difficultas
1105 2424 1279 2510 inponitur,
1312 2444 1372 2493 non

235 2530 460 2614 protractionie
491 2549 574 2597 noun
604 2532 704 2600 formu
735 2530 931 2617 conponitur.
962 2550 1034 2599 unm
1066 2530 1094 2598 ai
1125 2549 1163 2598 aa
1193 2531 1256 2598 boc
1287 2535 1372 2598 rocta

234 2639 378 2720 operatur
408 2637 578 2721 generatio,
604 2636 748 2724 intellegi
779 2642 886 2722 puteat
916 2637 1020 2723 megia
1052 2631 1182 2704 arbitrio
1215 2634 1371 2725 serpentia
1387 2649 1409 2694 ιι

234 2741 467 2827 generationum
495 2743 636 2810 extitieea
664 2762 759 2828 quam
786 2743 905 2811 domini
931 2746 1038 2810 etcat
1058 2761 1144 2823 uero,
1167 2746 1206 2808 nt
1232 2741 1280 2808 ait
1307 2740 1370 2819 iile,

234 2847 432 2932 progeniae
450 2849 671 2932 uiperarum
689 2848 717 2915 ei
736 2849 807 2932 quia
826 2853 932 2914 autom
952 2867 987 2915 ec
1005 2848 1166 2915 exietimat
1183 2847 1231 2913 ita
1248 2849 1368 2923 natum,

234 2950 312 3036 quid
338 2956 505 3026 merentur,
532 2953 686 3029 aduertat,
714 2955 752 3018 ut
777 2954 905 3038 propter
929 2955 1094 3036 peccatum
1125 2948 1369 3035 amplificaretur

234 3055 264 3121 ei
287 3054 375 3122 dolor
397 3076 414 3122 e
438 3062 539 3142 partu,
562 3062 600 3124 at
622 3077 702 3141 quac
724 3057 885 3122 modicum
908 3055 1026 3123 doloria
1052 3053 1200 3122 babitnra
1223 3063 1293 3121 crat
1313 3054 1369 3120 nti·

236 3179 336 3240 orum,
355 3166 509 3230 cresceret
522 3163 551 3228 ei
566 3182 663 3230 cauea
676 3162 794 3240 delicti,
810 3163 885 3246 qaia
898 3165 931 3227 et
948 3179 1020 3227 cum
1040 3160 1163 3246 gemitu
1181 3162 1215 3226 et
1232 3172 1406 3227 maeroroa

236 3268 411 3350 pariuntur,
434 3268 499 3335 nati
524 3275 629 3335 autem
653 3269 721 3335 eine
743 3267 874 3334 tristitia
897 3287 957 3334 non
981 3266 1145 3332 habentur.

280 3374 332 3438 31.
355 3373 447 3441 Nunc
470 3377 563 3440 tertio
586 3374 740 3458 promitur
761 3375 792 3439 in
817 3375 920 3439 uirum
943 3373 1100 3439 sententia
1126 3372 1216 3438 oaiie:
1246 3370 1370 3455 quoui-

235 3499 290 3545 am
321 3480 474 3559 audisti,
503 3481 616 3564 inquit,
645 3493 772 3546 uocem
801 3478 972 3545 mulieris
1005 3483 1092 3543 tuuc
1119 3482 1157 3543 ct
1183 3475 1301 3542 edicti
1329 3474 1369 3540 de

234 3584 350 3670 ligno,
373 3586 417 3652 de
439 3602 510 3671 quo
534 3603 792 3671 praeceperam
811 3583 883 3649 tibi
902 3602 945 3650 ne
963 3583 1103 3661 ederae,
1124 3600 1164 3648 ex
1183 3599 1225 3648 eo
1245 3579 1369 3657 adiuti,

234 3690 437 3759 maledicta
470 3697 570 3758 terra
601 3692 636 3756 in
669 3689 847 3775 operibus
884 3689 962 3755 tuie
1001 3692 1038 3754 ct
1069 3688 1105 3754 in
1137 3686 1405 3753 maeroribueu

235 3798 314 3863 tuin
338 3799 423 3864 eder
446 3817 485 3863 er
509 3817 550 3863 cu
572 3797 744 3863 omnibus
767 3794 900 3861 dictur
924 3794 1026 3860 uitae
1049 3797 1151 3859 tuae:
1181 3792 1313 3876 apinae
1335 3795 1370 3857 et

235 3902 399 3970 tribulor
423 3904 618 3989 generabit
642 3903 723 3983 tibi,
747 3908 780 3969 et
802 3906 915 3975 cctcru
938 3901 1033 3966 etiam
1057 3896 1118 3975 bic,
1137 3898 1171 3965 id
1190 3896 1369 3971 aetitiam,

235 4009 273 4074 ad
298 4009 357 4076 boc
380 4015 556 4088 reuocatar,
575 4010 615 4076 ad
634 4009 717 4093 quod
736 4009 841 4073 fuerat
858 4008 973 4086 iactae,
992 4005 1049 4072 eod
1073 4025 1146 4072 curn
1170 4003 1370 4070 detrimento.

235 4122 307 4182 unte
335 4116 417 4183 enim
444 4117 568 4201 poeitue
597 4122 664 4180 erat
690 4118 728 4180 nt
755 4118 935 4198 operaretur
966 4116 1080 4177 terram
1109 4108 1309 4194 simpliciter,
1336 4112 1370 4171 nt

324 4300 470 4370 lGout,
490 4300 523 4357 16
590 4298 791 4366 Sch.8,lb
859 4298 889 4352 ll
911 4296 978 4352 Gen.
998 4298 1022 4362 1,
1040 4296 1075 4350 28
1139 4294 1290 4351 lenanu.
1311 4295 1369 4356 at

234 4387 399 4453 nenena,
421 4389 515 4445 1218
568 4385 841 4454 29ci.(irn.2,15

107 4496 225 4568 ΜΡΝ
269 4493 435 4549 tmenrorea
456 4493 506 4550 0⁶
560 4493 750 4547 trouocatnrn
764 4489 853 4545 MFB
898 4490 974 4553 tata
991 4502 1042 4543 oar.
1057 4487 1091 4543 Μ
1133 4487 1303 4544 Smarnnrea
1317 4486 1371 4543 Fu

236 4581 270 4638 10
288 4581 350 4637 binc
369 4582 400 4636 Χ
469 4583 502 4637 la
521 4580 599 4635 dolor
617 4597 631 4635 c
649 4580 747 4650 rcripoi
765 4578 884 4634 dolorem
898 4575 1014 4633 Metto
1033 4576 1125 4631 doloro
1142 4574 1198 4631 FB
1279 4580 1370 4646 partua

237 4668 290 4729 ΒΑ
370 4669 405 4725 22
423 4670 593 4741 promittitur
610 4669 642 4722 X
705 4668 740 4730 28
759 4683 851 4722 nocero
871 4665 961 4735 inquit
981 4664 1035 4721 ΘΔ
1105 4664 1141 4719 24
1160 4662 1265 4734 adarca]
1285 4661 1370 4718 deria

237 4756 290 4812 CX
341 4758 376 4812 25
395 4762 423 4814 et
440 4759 468 4812 in
486 4756 651 4813 maeroribua
669 4757 724 4810 tuia
742 4771 793 4810 oar.
811 4753 850 4809 Μ
898 4753 933 4808 26
953 4752 1010 4807 odia
1026 4751 1080 4808 GA
1133 4750 1168 4809 27
1186 4747 1372 4822 μηεηιίῑθ

235 4847 398 4918 germinabit
417 4846 471 4902 GA
