3275 6434
497 1449 629 1515 338
1284 1446 1484 1504 Liber
1518 1448 1980 1517 quaestionum

582 1640 689 1706 57.
744 1638 885 1721 Quo
931 1640 1118 1707 modo
1163 1659 1312 1726 ergo
1357 1640 1738 1725 quibusdum
1786 1638 2084 1723 displicet
2127 1639 2416 1706 futurum
2459 1638 2773 1705 iudicium

491 1745 785 1813 eredere?
832 1746 943 1813 sed
986 1747 1109 1813 hoe
1150 1745 1747 1812 mathematicorum
1791 1745 2040 1812 inuenit
2083 1746 2376 1811 amentis.
2417 1764 2547 1828 quo
2585 1744 2772 1811 modo

492 1853 660 1918 enim
708 1858 969 1936 possent
1009 1852 1295 1919 futurum
1341 1853 1623 1937 seeipere
1676 1850 2006 1930 iudicium,
2052 1851 2164 1936 qui
2216 1851 2536 1936 praesenti
2591 1869 2772 1934 repu-

492 1962 709 2044 gnant,
763 1958 915 2044 quin
966 1958 1276 2025 iudicium
1328 1959 1394 2025 in
1449 1959 1787 2025 natiuitnte
1842 1975 1986 2024 esse
2031 1955 2462 2024 contendunt?
2511 1959 2579 2021 et
2621 1957 2770 2040 quis

492 2064 752 2142 ueritas,
799 2083 944 2131 eum
989 2067 1252 2149 putetur
1285 2065 1509 2148 premi,
1545 2064 1846 2149 resurgit,
1881 2063 2031 2148 ipsi,
2070 2063 2183 2147 qui
2217 2061 2491 2146 quodam
2529 2062 2767 2128 iudicio
2817 2081 2844 2126 ε

490 2170 763 2237 naturali
808 2171 1008 2237 bonos
1055 2173 1121 2235 et
1164 2171 1366 2236 mulos
1415 2188 1533 2235 non
1579 2169 1733 2248 fleri,
1780 2168 1892 2235 sed
1929 2168 2231 2234 adserunt
2271 2167 2466 2245 nasei,
2508 2185 2767 2253 peccan-

490 2276 664 2341 tibus
702 2275 1061 2342 retribuunt
1103 2294 1219 2342 nee
1255 2276 1582 2360 patiuntur
1617 2273 1820 2341 inulte
1856 2293 1998 2341 esse
2033 2277 2309 2358 peecata.
2356 2273 2565 2358 uirgis
2600 2273 2764 2339 enim

489 2382 754 2465 pistrino
818 2381 1094 2448 uinculis
1156 2382 1333 2449 intus
1397 2380 1763 2464 corripiunt,
1827 2398 1990 2465 quos
2054 2379 2207 2445 foris
2269 2378 2764 2445 inemendabiles

487 2487 788 2554 adserunt
812 2492 1012 2554 ustos.
1049 2486 1281 2571 aliquis
1319 2486 1724 2571 prudentium
1762 2485 2023 2570 corripit
2056 2504 2245 2569 quem
2283 2485 2408 2551 scit
2442 2484 2762 2551 emendari

489 2611 610 2658 non
656 2593 890 2676 posse?
934 2593 1105 2677 quod
1149 2591 1402 2676 quidem
1450 2595 1564 2658 sut
1605 2592 1792 2658 stulti
1835 2598 1937 2658 est
1982 2595 2094 2657 sut
2137 2591 2358 2674 iniqui.
2792 2608 2839 2652 m

575 2699 682 2768 58.
747 2697 871 2765 Sed
932 2717 1010 2765 ne
1071 2697 1196 2766 hoe
1256 2698 1470 2782 ipsum
1533 2698 1664 2765 fsto
1729 2697 1945 2763 dieunt
2004 2696 2159 2777 fieri,
2242 2697 2392 2780 quia
2462 2695 2575 2780 qui
2640 2695 2757 2763 sub

483 2802 614 2870 fato
675 2809 774 2870 est
827 2823 949 2870 non
996 2805 1151 2870 feeit
1195 2802 1363 2889 quod
1410 2805 1574 2882 uult,
1621 2807 1698 2869 ut
1741 2803 1933 2869 etiam
1979 2802 2104 2888 ipsi
2153 2802 2438 2867 naturale
2486 2802 2759 2867 habeant

484 2912 560 2974 ut
594 2910 916 2975 uindieent
948 2910 1013 2976 in
1051 2928 1183 2988 eos,
1223 2929 1382 2993 quos
1420 2910 1632 2977 sciunt
1666 2909 2181 2976 iueeuuertibiles
2218 2926 2472 2974 manere
2511 2912 2756 2974 ustura·

480 3015 645 3093 liter,
701 3020 766 3081 et
811 3035 977 3095 uere,
1033 3016 1183 3099 quis
1237 3018 1331 3083 sie
1386 3016 1717 3082 dicendum
1776 3019 1894 3094 est,
1951 3019 2027 3081 ut
2080 3014 2388 3098 quidquid
2441 3012 2560 3079 fati
2618 3033 2755 3079 esse

483 3121 715 3187 dicitur
769 3122 1081 3188 stultitiae
1126 3121 1483 3206 deputetur.
1546 3141 1735 3205 quam
1783 3121 1948 3186 enim
1994 3122 2264 3187 stultum
2313 3122 2415 3186 est
2460 3122 2554 3195 ut,
2611 3137 2753 3184 eum
2786 3135 2831 3181 ιι

481 3226 692 3292 dicent
733 3229 1008 3312 aliquem
1055 3227 1292 3293 malum
1342 3232 1579 3306 natum,
1617 3246 1731 3293 nee
1767 3227 1951 3292 illum
1987 3226 2225 3293 bonum
2260 3225 2533 3310 probent
2565 3244 2753 3309 quem

478 3331 771 3398 adserunt.
812 3333 1044 3398 bonum
1092 3336 1336 3399 natum!
1385 3352 1509 3416 quo
1548 3333 1735 3398 modo
1772 3334 1935 3398 enim
1978 3336 2192 3417 potest
2224 3331 2428 3396 bonus
2465 3330 2752 3408 iudicari,

479 3439 745 3520 quirem
773 3438 1052 3521 iniquam
1079 3437 1284 3504 fucere
1320 3438 1843 3523 deprehenditur?
1882 3437 2035 3522 quid
2071 3437 2236 3503 enim
2272 3440 2405 3502 tam
2438 3436 2751 3519 iniquum,

478 3562 668 3626 quam
723 3548 798 3609 ut
850 3544 1167 3623 caedatur,
1224 3544 1331 3628 qui
1388 3549 1655 3630 negatur
1707 3544 1886 3622 aliud,
1943 3545 2231 3628 potuisse
2293 3543 2499 3610 facere
2565 3561 2747 3625 quam

478 3649 676 3714 feeit?
2775 3666 2821 3710 so

568 3756 670 3818 59.
718 3755 798 3818 Et
843 3755 896 3819 si
944 3755 1152 3820 omniu
1197 3756 1325 3821 feto
1371 3755 1547 3834 fiunt,
1594 3775 1719 3839 quo
1765 3756 1950 3821 modo
1997 3757 2095 3821 lex
2144 3755 2550 3830 subintrauit„
2592 3771 2748 3837 quse

476 3879 596 3925 non
662 3861 831 3925 sinat
892 3861 1024 3925 fieri
1081 3862 1250 3944 quod
1305 3862 1421 3927 fati
1475 3866 1616 3928 est?
1673 3863 1726 3929 si
1784 3863 1951 3928 enim
2008 3861 2272 3929 tolletur
2324 3863 2445 3940 lex,
2510 3860 2747 3944 passim

475 3965 727 4049 publice
773 3966 1018 4031 inlicita
1053 3966 1203 4032 fient
1237 3987 1350 4033 nee
1387 3973 1678 4052 potentes
1723 3956 2019 4052 poterunt
2063 3968 2209 4034 ferri
2254 3985 2367 4033 nee
2407 3966 2531 4033 erit
2563 3966 2745 4032 liber·

475 4075 596 4148 tes,
645 4073 795 4153 quia
839 4078 903 4138 et
948 4073 1055 4155 qui
1096 4093 1259 4139 nune
1295 4093 1417 4140 non
1457 4076 1700 4159 cogitat
1734 4076 1972 4140 malum
2021 4075 2271 4140 sublato
2320 4072 2549 4138 timore
2595 4073 2743 4137 inci·

473 4177 606 4260 piet
639 4178 844 4243 malus
884 4197 1040 4245 esse.
1079 4180 1347 4263 denique
1383 4182 1656 4266 legimus
1692 4181 1897 4265 legem
1939 4181 2245 4245 malorum
2287 4198 2480 4245 causa
2516 4178 2742 4243 datam.
2772 4195 2817 4239 εει

649 4402 712 4454 21
756 4400 824 4456 ef.
860 4401 1012 4456 Rom.
1051 4404 1101 4467 5,
1138 4402 1210 4455 20
1316 4401 1386 4456 25
1425 4402 1489 4457 cf.
1528 4402 1684 4457 Rom.
1721 4405 1773 4471 5,
1809 4402 1881 4458 20
1918 4407 2019 4457 ete.

540 4526 573 4578 3
611 4529 839 4593 possunt
878 4524 1040 4580 GNX
1186 4528 1218 4580 4
1259 4528 1553 4580 natiuitute
1590 4526 1729 4597 esse]
1767 4527 2088 4582 natiuitutes
2126 4543 2183 4581 se
2228 4527 2370 4594 GN
2399 4527 2602 4596 (corn),
2639 4527 2742 4581 FB

467 4626 576 4682 qus
609 4615 770 4682 (corr.
805 4630 871 4667 m.
911 4616 1039 4679 rec.)
1066 4613 1139 4667 M
1204 4617 1237 4669 5
1275 4632 1393 4670 curn
1434 4617 1679 4685 putetur]
1719 4620 2042 4685 conputator
2082 4615 2130 4669 Ο
2162 4631 2280 4670 eum
2318 4620 2546 4686 putatur
2584 4618 2740 4683 (corr.

467 4705 828 4771 computetur)
855 4705 910 4758 Δ
1024 4706 1246 4774 praemii
1281 4704 1380 4759 CG
1488 4705 1633 4774 regit
1657 4704 1731 4759 M
1762 4712 2046 4773 resurgent
2087 4704 2154 4772 G,
2191 4706 2351 4773 (corr.
2390 4708 2665 4774 resurget)
2690 4706 2739 4757 Δ

463 4788 577 4860 ipsi
614 4798 770 4856 (corr.
809 4810 878 4847 m.
914 4809 1016 4849 rec.
1052 4793 1224 4862 ipsos)
1259 4792 1333 4846 M
1470 4794 1586 4864 qui]
1627 4823 1699 4843 ..-
1735 4793 1810 4848 M
1902 4795 1936 4847 8
1973 4795 2199 4864 pristino
2235 4793 2359 4849 Nx
2500 4795 2739 4849 inemen-

465 4877 664 4935 debili·
703 4880 751 4935 C
854 4882 917 4936 11
958 4883 1134 4952 ipsum
1171 4883 1291 4951 ipso
1334 4880 1440 4937 ΘΔ
1475 4883 1649 4953 ipsum
1687 4883 1861 4952 ipsum
1891 4883 1944 4936 Β
2054 4883 2121 4937 12
2146 4883 2344 4953 etism]
2380 4884 2550 4938 etism
2586 4883 2666 4937 hii
2692 4882 2745 4935 P

468 4965 537 5021 18
573 4968 730 5037 quos]
765 4968 911 5038 quod
950 4969 1112 5024 GNX
1217 4968 1287 5025 14
1323 4969 1468 5040 uere]
1505 4972 1689 5025 uiuere
1724 4969 1782 5024 X
1923 4971 2206 5043 quidquid]
2244 4971 2376 5042 quid
2412 4970 2474 5039 (d
2509 4973 2660 5042 ap.)
2685 4971 2748 5027 N

466 5053 574 5108 feci
609 5057 771 5122 (ωπ.
806 5073 876 5112 m.
911 5060 1038 5125 rec.)
1072 5057 1145 5112 M
1360 5058 1427 5113 16
1462 5061 1644 5128 queml
1689 5059 1834 5128 quod
1875 5059 2086 5114 CNFB
2302 5060 2365 5114 17
2405 5067 2658 5116 meunt
2694 5061 2746 5115 P

467 5139 704 5197 indicere
741 5141 804 5196 N
908 5145 974 5199 19
1010 5161 1079 5199 ue
1114 5149 1347 5216 negetur
1386 5145 1435 5201 0
1571 5146 1748 5202 fucere
1788 5148 2029 5218 potuisse
2069 5147 2175 5203 ΟΔ
2301 5147 2374 5202 20
2412 5148 2549 5204 fucit
2590 5148 2745 5205 CNx

463 5228 530 5282 21
571 5228 706 5284 haee
740 5232 826 5286 lex
861 5231 917 5285 P
1037 5232 1108 5287 22
1145 5234 1318 5288 sinum
1353 5235 1410 5289 P
1443 5235 1587 5289 sinet
1616 5234 1667 5289 G
1783 5236 1854 5291 28
1882 5236 2018 5290 finnt
2057 5236 2107 5291 G
2206 5236 2278 5290 24
2312 5236 2545 5307 incipiat
2585 5236 2743 5292 GNX

467 5314 538 5369 25
576 5315 706 5371 deta
741 5318 798 5372 X
