3275 6434
618 1521 744 1586 118
1403 1518 1595 1575 Liber
1633 1521 2096 1590 quaestionum

614 1708 875 1789 bellum,
921 1711 1090 1795 quod
1137 1716 1350 1779 contra
1395 1717 1648 1779 sanctos
1704 1713 1966 1798 geritur,
2018 1715 2093 1778 ut
2147 1717 2212 1779 et
2266 1717 2561 1781 terrorem
2620 1713 2891 1779 incutiat

617 1816 1137 1900 persequentibus
1176 1816 1277 1882 dei
1316 1836 1535 1884 seruos
1573 1822 1637 1884 et
1675 1816 2105 1884 exhortaretur
2131 1837 2243 1904 pro
2272 1837 2342 1884 se
2369 1819 2697 1903 patientes.
2735 1817 2893 1883 rele-

617 1922 809 1986 uatur
841 1923 1008 1988 enim
1046 1923 1253 1989 anima
1276 1923 1599 2006 patientis,
1636 1922 1882 2007 quando
1911 1923 2216 1989 uindicari
2246 1941 2316 1989 se
2344 1924 2523 1989 audit
2549 1942 2587 1989 a
2611 1926 2892 2008 potente.

484 2062 495 2072 ·
618 2044 764 2110 prae
811 2046 880 2094 se
926 2028 1092 2094 enim
1146 2030 1289 2108 fert,
1344 2030 1400 2095 si
1455 2034 1720 2096 mortem
1778 2048 1956 2096 suam
2012 2031 2229 2096 audiat
2280 2029 2474 2096 iudici
2528 2029 2893 2112 displicere:

617 2135 773 2197 tunc
815 2133 982 2198 enim
1027 2152 1140 2216 pro
1177 2139 1348 2201 certo
1385 2135 1576 2201 habet
1609 2135 2002 2202 innocentem
2040 2155 2110 2202 se
2148 2154 2303 2202 esse.
2341 2139 2408 2203 et
2439 2134 2597 2202 deus
2635 2134 2892 2219 quidem
2959 2147 2992 2190 ὁ

621 2237 978 2305 misericors
1050 2243 1117 2306 et
1175 2242 1420 2324 patiens
1483 2245 1604 2319 est,
1669 2241 1780 2307 sed
1842 2241 2180 2309 moderate.
2243 2245 2531 2326 expectat
2590 2241 2757 2306 euim
2826 2246 2900 2305 ut

620 2342 801 2425 impii
846 2343 1102 2410 credant
1145 2351 1211 2412 et
1254 2352 1614 2429 peccatores
1663 2346 2019 2422 emendentz
2070 2348 2124 2413 si
2170 2366 2295 2432 quo
2342 2349 2573 2415 minus.
2619 2347 2900 2431 plecten-

622 2452 746 2524 tur,
791 2450 936 2532 quia
983 2450 1083 2516 dei
1130 2453 1383 2537 longam
1430 2454 1798 2537 patientiam
1844 2459 2337 2521 contemserunt.

714 2556 773 2620 2.
794 2554 993 2622 Cuius
1013 2559 1103 2623 rei
1123 2560 1475 2643 exemplum
1497 2560 1686 2625 etiam
1716 2564 2000 2645 tempore
2020 2559 2484 2626 misericordiae
2503 2558 2903 2644 praedicatae

626 2660 923 2737 ostendit,
960 2682 1035 2728 ne
1080 2683 1200 2730 non
1248 2666 1514 2748 patiens,
1561 2666 1671 2730 sed
1708 2666 2114 2744 insensibilis,
2153 2668 2220 2731 et
2253 2684 2440 2748 quem
2480 2683 2684 2748 neque
2718 2664 2905 2730 dolor
2951 2675 3005 2719 ιο

627 2767 896 2833 alicuius
932 2787 1132 2851 neque
1160 2771 1362 2853 pietas
1391 2790 1791 2837 commouere
1818 2770 2155 2838 uideretur.
2188 2771 2332 2837 hinc
2351 2775 2451 2836 est
2478 2770 2643 2835 unde
2672 2770 2767 2835 ait
2792 2787 2908 2851 per

629 2873 965 2956 profetam:
1015 2876 1255 2949 tacui3
1303 2877 1683 2960 numquid
1730 2894 2041 2961 semper
2084 2875 2414 2942 tacebo?
2460 2879 2527 2941 et
2570 2875 2905 2942 dominus:

629 2979 1014 3060 numquid
1078 2999 1224 3045 non
1281 2982 1555 3059 faciet,
1609 2982 1837 3065 inquit,
1894 2981 2090 3047 deus
2135 2981 2585 3047 uindictam
2634 2998 2910 3046 seruo·

634 3101 798 3148 rum
860 3103 1184 3152 suorum
1250 3087 1774 3153 clamantium
1840 3087 1966 3152 die
2026 3106 2111 3153 ac
2175 3090 2455 3155 nocte?
2522 3086 2614 3151 sic
2675 3086 2911 3169 utique

633 3188 926 3268 clamant.
982 3192 1151 3257 sicut
1204 3212 1395 3275 supra
1454 3193 1747 3258 diximus.
1822 3193 1878 3258 si
1941 3194 2083 3277 quis
2148 3212 2296 3278 ergo
2361 3190 2762 3257 Christianus
2828 3190 2911 3254 ud
2957 3200 3011 3242 ¹³

633 3299 885 3381 tempus
933 3297 1212 3363 uindicet
1256 3317 1378 3363 non
1424 3298 1644 3363 acerbe
1691 3316 1891 3380 neque
1939 3316 2081 3363 cum
2130 3297 2450 3382 sanguine,
2491 3314 2611 3361 non
2650 3300 2911 3378 peccat:

634 3403 864 3468 melius
908 3406 1117 3468 tamen
1163 3403 1402 3481 fecerit,
1449 3403 1503 3468 si
1551 3403 1862 3469 dimiserit
1904 3403 2099 3469 iudici
2136 3401 2271 3467 deo.

624 3662 944 3728 vann.
992 3663 1065 3729 SI
1122 3664 1277 3729 IAM
1328 3662 1909 3730 I’RAEDICANTE
1954 3661 2336 3728 IOHANNE
2382 3660 2551 3727 AU‘r
2600 3660 2912 3727 SALL'A-

625 3766 844 3833 TORE
875 3768 1034 3833 LEX
1073 3768 1493 3846 CESSAUIT,
1533 3767 1705 3848 QUO
1742 3767 1984 3835 MODO
2023 3763 2457 3833 SALIJATOR
2495 3765 2664 3832 Al'r:
2704 3763 2912 3831 ‘NON

627 3873 829 3940 UENI
896 3873 1269 3941 SOLUERB
1334 3874 1621 3941 LEGEM
1688 3876 1853 3942 AU'r
1914 3870 2364 3940 PROFETAS.
2431 3869 2589 3938 SED
2653 3871 2911 3937 ADIM·
2948 3894 3009 3937 :to

625 3979 955 4045 PLERE‘?
1021 3979 1097 4046 81
1159 3980 1373 4046 Exm
1437 3979 1893 4047 PROHIBITA
1956 3979 2129 4055 EST,
2196 3976 2366 4058 QUO
2422 3974 2667 4044 MODO
2708 3974 2913 4042 'NON

628 4084 950 4152 SOLUTA
1001 4086 1170 4162 EST,
1220 4085 1445 4167 QUAE
1491 4084 1808 4152 AGENDI
1856 4084 2145 4151 AMISIT
2200 4080 2911 4151 AUCTORITATEM?

723 4230 774 4290 l.
806 4225 1030 4292 Omnia
1068 4245 1228 4309 quae
1265 4226 1340 4292 de
1372 4225 1621 4292 Christo
1661 4225 1829 4291 dicta
1867 4229 2037 4302 sunt,
2076 4224 2422 4307 adimpleta
2458 4225 2627 4289 sunt.
2665 4226 2730 4287 et
2767 4222 2915 4305 ipse

628 4333 920 4398 domiuus
979 4335 1071 4398 sic
1119 4333 1493 4416 adimpleuit
1534 4333 1852 4416 legem-et
1898 4331 2194 4416 profetas,
2243 4348 2388 4395 cum
2436 4329 2668 4403 omnia,
2716 4345 2915 4410 quae·

807 4592 872 4645 12
911 4591 1053 4645 Eaai.
1088 4592 1176 4654 42,
1219 4593 1283 4646 14
1362 4591 1426 4645 13
1463 4590 1591 4645 Luc.
1625 4592 1709 4655 18,
1739 4592 1768 4645 7
1848 4591 1912 4645 18
1942 4590 2009 4645 cf.
2047 4590 2241 4644 natth.
2284 4590 2367 4652 11,
2410 4590 2490 4644 13.
2532 4587 2661 4642 Luc.
2694 4585 2781 4643 16.
2819 4585 2906 4640 16.

633 4680 702 4735 19
739 4680 935 4734 natur.
972 4684 1023 4746 5,
1065 4680 1128 4734 17

452 4857 634 4927 defi?
706 4853 730 4905 1
773 4858 831 4906 et
864 4869 969 4908 om.
1005 4852 1078 4906 M
1214 4852 1482 4907 incutiens
1525 4851 1573 4906 0
1675 4853 1710 4907 2
1747 4857 1803 4907 et
1838 4868 1940 4909 on.
1978 4851 2087 4905 ΕΒ
2230 4850 2507 4906 reuelatur
2543 4849 2606 4903 X
2710 4849 2749 4900 3
2791 4847 2916 4900 ani-

627 4958 743 4998 mas
779 4939 935 4996 codd.
973 4942 1132 5008 (ωνν.
1175 4938 1409 5004 CNGB)
1572 4942 1843 5009 patientes
1884 4941 1933 4996 C
1964 4944 2161 5007 (corn),
2200 4939 2264 4993 X
2417 4936 2578 4992 audit
2612 4937 2669 5006 a]
2712 4934 2916 4989 audita

628 5046 663 5085 a
696 5034 888 5094 (eorr.,·
924 5044 957 5081 a
994 5033 1110 5081 tert.
1148 5035 1226 5082 est
1259 5029 1324 5083 δη
1357 5032 1495 5094 ma.)
1535 5027 1583 5081 C
1799 5032 1832 5082 5
1870 5031 2211 5084 innocentem
2248 5025 2331 5099 ae]
2375 5026 2725 5081 innocentem
2774 5022 2825 5075 G
2858 5031 2921 5075 ct

626 5118 969 5171 innocentem
1008 5117 1068 5169 X
1163 5117 1196 5168 6
1232 5119 1520 5184 expectant
1552 5118 1736 5182 (corr.)
1776 5116 1824 5171 0
1855 5141 1907 5168 0·
1944 5120 2192 5184 expectat
2226 5113 2294 5168 N
2385 5114 2423 5169 8
2459 5115 2920 5181 contempserunt

629 5203 750 5258 Nx
806 5205 870 5279 ,9
905 5202 1269 5273 praedicatae]
1312 5202 1590 5271 praedicat
1625 5212 1684 5257 et
1722 5202 1827 5257 ΘΔ
1919 5203 1987 5256 10
2023 5203 2281 5271 patientia
2316 5206 2505 5268 (corr.)
2541 5200 2614 5255 Μ
2705 5199 2779 5254 14
2808 5198 2918 5268 aicl

630 5293 773 5344 sicut
813 5291 861 5342 G
967 5292 1030 5344 16
1068 5296 1285 5343 accruet
1326 5288 1432 5343 ΘΔ
1469 5290 1689 5343 acerbet
1722 5290 1779 5343 B
1811 5291 1861 5357 (t
1894 5292 2036 5357 exp.)
2153 5289 2219 5342 19
2254 5289 2339 5341 lex
2376 5303 2481 5341 om.
2522 5284 2573 5339 ί*
2667 5287 2746 5341 22
2783 5303 2919 5340 aus·

630 5383 801 5429 torem
840 5376 912 5429 M
1011 5377 1080 5430 24
1120 5377 1367 5444 impleuit
1407 5376 1466 5429 X
1605 5390 1885 5445 quaequae
1921 5374 1985 5428 N
2014 5389 2260 5444 quequae
2300 5374 2350 5426 G
