3275 6434
1498 990 1718 1002 ἡ.

619 1491 703 1556 72
1413 1485 1611 1543 Liber
1647 1485 2110 1554 quaestionum

617 1682 847 1768 legem.
919 1683 1018 1748 lex
1081 1681 1247 1747 enim
1312 1698 1530 1747 eorum
1594 1682 1695 1745 est
1756 1679 1865 1763 qui
1936 1677 2099 1745 iussi
2164 1682 2318 1744 sunt
2378 1696 2550 1745 more
2613 1677 2907 1744 Abrahae

618 1785 1008 1853 circumcidi.
1081 1786 1240 1852 nihil
1313 1803 1460 1871 ergo
1516 1804 1757 1852 nouum
1810 1784 1932 1851 hoc
1986 1782 2269 1870 exemplo
2324 1783 2606 1868 profetae
2668 1784 2909 1868 poterit

616 1891 843 1971 uideri,
900 1893 1050 1976 quia
1093 1912 1166 1960 ex
1210 1910 1611 1977 quacumque
1657 1896 1845 1976 gente
1890 1891 2033 1975 quis
2080 1891 2343 1958 ueniens
2387 1911 2509 1959 non
2555 1895 2661 1957 est
2694 1890 2906 1974 probi-

611 1996 793 2065 bitus
840 1998 1184 2084 adiungere
1230 2017 1300 2065 se
1354 1998 1479 2082 legi
1540 1998 1618 2064 ab
1675 1997 1925 2064 exordio
1980 1997 2309 2064 Iudaismi.
2364 1996 2525 2063 nihil
2578 2014 2824 2063 nouum
2872 2016 2909 2061 a

618 2104 865 2187 profeta
912 2103 1151 2170 dictum
1197 2104 1435 2187 poterit
1477 2102 1829 2177 aestimari3
1880 2101 2072 2169 immo
2130 2102 2466 2186 superflue,
2531 2103 2588 2168 si
2651 2120 2910 2186 semper
2967 2119 2997 2162 ι

620 2209 883 2278 admissi
911 2213 1066 2278 sunt
1091 2209 1330 2276 seruire
1350 2209 1624 2294 gentiles
1645 2208 1763 2275 deo
1784 2208 2070 2274 Abrabae
2100 2228 2214 2274 nec
2232 2208 2570 2293 aliquando
2596 2208 2908 2295 prohibiti

616 2317 1042 2383 inueniuntur.
1090 2319 1157 2383 et
1200 2336 1420 2383 uerum
1470 2319 1589 2394 est,
1639 2316 1790 2399 qnia
1836 2315 2219 2382 subicientes
2267 2334 2338 2382 se
2388 2315 2516 2402 legi
2553 2334 2909 2400 numquam

619 2440 743 2490 non
770 2421 1057 2506 suscepti
1082 2422 1446 2506 probantur.
1484 2421 1540 2488 si
1575 2420 1779 2506 igitur
1804 2422 1960 2486 haec
1989 2421 2082 2486 ita
2108 2425 2279 2500 sunt,
2308 2420 2621 2504 superflue
2649 2420 2911 2487 uidetur

618 2527 1025 2594 admonuisse
1050 2528 1314 2610 profeta,
1336 2526 1505 2611 quod
1536 2527 1735 2593 semel
1764 2527 2064 2593 traditum
2086 2527 2480 2594 custoditum
2508 2532 2611 2594 est
2637 2545 2908 2612 semper.

707 2634 769 2701 2.
834 2632 919 2698 Et
979 2633 1211 2718 aliquis
1276 2639 1408 2699 tam
1474 2632 1668 2700 hebes
1724 2633 1959 2719 poterit
2010 2633 2299 2718 inueniri,
2365 2634 2478 2718 qni
2541 2633 2720 2700 dicat
2769 2637 2908 2699 tan·
2947 2645 3004 2690 ιο

619 2746 760 2807 tum
832 2739 1144 2824 profetam
1216 2757 1346 2805 rem
1411 2738 1798 2824 superfluam
1864 2742 1932 2807 et
1992 2739 2239 2805 inanem
2294 2741 2625 2806 locutum?
2689 2739 2910 2805 nescio

620 2846 728 2913 cui
790 2847 912 2913 hoc
972 2847 1189 2912 tutum
1254 2846 1341 2913 sit
1394 2847 1502 2913 nel
1554 2845 1771 2912 audire
1828 2851 1895 2912 et
1958 2863 2079 2911 non
2133 2845 2482 2929 probibere.
2545 2863 2693 2911 nam
2756 2861 2906 2910 cum

623 2951 923 3019 Iudaicus
978 2952 1202 3036 utique
1248 2953 1526 3038 populus
1574 2956 1834 3036 propter
1878 2955 2157 3034 peccata,
2225 2969 2386 3035 quae
2446 2951 2510 3016 in
2576 2951 2910 3018 dominum

622 3058 1073 3145 delinquebant
1118 3060 1196 3126 ab
1244 3058 1433 3126 idolis
1490 3059 1791 3144 suffragia
1845 3059 2260 3142 requirentes,
2319 3077 2358 3124 a
2401 3058 2668 3143 profetis
2715 3075 2912 3141 saepe

621 3168 890 3250 correpti
965 3166 1385 3250 paenitentiae
1457 3166 1580 3231 iter
1657 3164 1900 3250 ingredi
1963 3164 2223 3243 nollent,
2297 3167 2373 3230 ut
2440 3167 2914 3231 reuerterentur
2943 3176 3001 3219 1⁶

620 3273 698 3338 ad
774 3273 982 3351 deum,
1055 3273 1134 3338 ad
1207 3271 1750 3356 exprobrationem
1823 3272 2080 3337 illorum
2155 3273 2414 3338 domum
2497 3289 2679 3338 suam
2746 3271 2911 3337 deus

621 3384 984 3465 aperturum
1047 3397 1116 3446 se
1173 3378 1466 3444 omnibus
1523 3378 1820 3464 gentibus
1877 3377 1957 3443 ad
2010 3377 2311 3444 orandum
2369 3377 2778 3463 significauit,
2835 3381 2913 3442 nt

621 3485 931 3551 abdicatis
967 3484 1219 3551 ludaeis
1258 3484 1418 3551 alios
1455 3483 1519 3549 in
1556 3485 1699 3551 loco
1735 3483 1990 3551 illorum
2028 3484 2385 3566 positurum
2422 3502 2492 3550 se
2528 3483 2911 3550 ostenderet.

620 3611 763 3657 nam
812 3592 868 3656 si
915 3610 1163 3676 semper
1217 3591 1530 3658 admissae
1585 3595 1739 3656 sunt
1791 3593 2014 3676 gentes
2069 3589 2148 3654 ad
2202 3590 2430 3675 legem,
2488 3589 2659 3655 sicut
2713 3608 2911 3675 supra

621 3698 864 3764 dictum
912 3700 1030 3777 est,
1077 3717 1202 3780 quo
1248 3695 1437 3763 modo
1483 3697 1604 3763 hoc
1649 3698 1895 3780 profeta
1938 3695 2191 3761 dicebat
2232 3696 2541 3776 futurum,
2585 3695 2710 3761 nisi
2759 3696 2910 3780 quia
2941 3703 2993 3744 ²⁰

620 3803 794 3869 alind
856 3802 1244 3888 significauit
1313 3821 1504 3886 quam
1574 3805 1979 3887 praeceptum
2044 3805 2181 3868 erat
2239 3801 2460 3884 prius?
2540 3819 2664 3868 non
2737 3801 2906 3868 enim

621 3914 843 3992 posset
894 3910 1102 3975 dicere
1165 3910 1243 3975 de
1306 3927 1372 3975 re
1437 3927 1596 3993 quae
1660 3908 1922 3974 cottidie
1986 3908 2197 3983 fiebat,
2262 3907 2413 3991 qnia
2472 3907 2689 3973 futura
2749 3912 2905 3974 erat.

621 4016 787 4083 unde
840 4015 1252 4081 manifestum
1316 4020 1417 4081 est
1475 4013 1652 4082 istud
1718 4014 1797 4081 ad
1859 4032 2074 4080 necem
2140 4013 2439 4099 proficere
2500 4013 2905 4087 Iudaeorum.

623 4119 854 4204 quibus
901 4121 1181 4188 ostendit
1225 4120 1488 4203 profeta,
1537 4119 1705 4205 quod
1753 4120 1863 4187 alii
1918 4119 2020 4185 his
2078 4120 2309 4186 amotis
2366 4117 2636 4186 uocandi
2691 4124 2909 4187 essent

623 4228 702 4292 ad
766 4233 1168 4312 recepturum
1233 4226 1464 4292 donum
1524 4227 1762 4313 gratiae
1827 4225 1947 4304 dei,
2015 4225 2184 4309 quod
2248 4225 2632 4309 promissum
2697 4225 2908 4292 fuerat
2939 4233 2993 4278 ὓ

622 4333 892 4399 Iudaeis.

710 4443 768 4505 3.
809 4438 976 4518 Quid
1024 4439 1111 4504 sit
1154 4444 1367 4505 antem
1415 4440 1825 4522 promissum,
1865 4439 2083 4504 Eseias
2132 4438 2377 4522 profeta
2420 4437 2609 4504 docet
2655 4437 2900 4502 dicens:

701 4667 719 4717 l
766 4666 907 4718 enim
944 4681 1047 4720 one.
1085 4663 1206 4718 NX
1285 4665 1318 4718 2
1356 4664 1584 4735 poterit]
1620 4665 1799 4719 uoluit
1839 4663 1946 4720 GA
2030 4665 2062 4715 3
2100 4662 2282 4718 uidere
2320 4663 2380 4718 N
2448 4665 2486 4718 4
2521 4661 2829 4733 adiungens
2862 4664 2908 4718 0

623 4750 906 4823 adiungeri
935 4753 996 4807 N
1028 4757 1234 4824 (corn),
1265 4752 1326 4807 F
1352 4751 1578 4823 adiungi
1610 4751 1718 4807 GA
1825 4750 2095 4807 iudaiema
2128 4750 2178 4807 G
2207 4751 2475 4807 iudaismo
2497 4748 2568 4805 N
2578 4750 2637 4804 X
2710 4752 2746 4807 6
2782 4769 2904 4824 pro-

621 4828 786 4897 hibiti
822 4842 863 4908 (i
905 4841 1001 4896 ult.
1040 4847 1206 4910 erm.)
1239 4841 1314 4896 M
1383 4844 1414 4897 7
1454 4841 1768 4896 muniuntur
1801 4839 1870 4894 N
1900 4844 2103 4907 (eom),
2135 4840 2195 4893 X
2262 4840 2296 4894 8
2334 4856 2441 4894 non
2475 4855 2578 4897 οιιι.
2616 4840 2675 4896 P
2780 4858 2903 4912 pro·

622 4929 951 4985 bibebantur
985 4931 1040 4984 P
1158 4932 1224 4986 10
1258 4931 1426 4986 habes
1462 4929 1591 4985 Mo
1625 4929 1855 4985 haebets
1894 4936 2053 4994 (corr.
2090 4926 2310 4996 hebete)
2354 4928 2401 4982 0
2554 4929 2802 4984 inuenire
2837 4929 2912 4984 M

623 5018 791 5074 dicati
822 5022 869 5087 (·
906 5024 1067 5082 erae.)
1104 5019 1178 5073 M
1319 5020 1386 5073 12
1421 5019 1524 5074 hoc
1562 5033 1665 5074 mn.
1703 5017 1822 5072 Nx
1960 5021 2143 5073 totum
2180 5016 2335 5074 codd.
2487 5015 2705 5087 probire
2742 5023 2905 5086 (corr.

621 5107 892 5180 proibere)
928 5107 975 5161 0
1062 5106 1128 5161 18
1157 5106 1317 5163 deum
1354 5106 1519 5162 PNX
1633 5107 1698 5160 16
1735 5105 1891 5175 deus]
1929 5103 2131 5161 dicitur
2169 5104 2217 5158 C
2314 5106 2379 5160 1⁷
2416 5109 2725 5176 apertorum
2767 5106 2907 5171 an·

620 5199 820 5264 (corn).
859 5195 917 5248 F
1055 5195 1338 5268 orandum]
1376 5194 1708 5250 adorandum
1750 5193 1858 5249 GA
1982 5193 2048 5248 21
2091 5193 2276 5266 quam]
2315 5192 2463 5263 quod
2499 5191 2560 5247 N
2673 5192 2747 5249 22
2782 5212 2903 5267 pot-

622 5284 698 5340 eit
723 5284 781 5337 A·
926 5283 1105 5340 dicere
1142 5283 1211 5338 de
1248 5285 1327 5354 re]
1369 5282 1475 5338 dici
1511 5280 1736 5339 reddere
1778 5283 1825 5337 0
1981 5283 2052 5336 25
2087 5283 2465 5353 percepturum
2506 5281 2559 5334 P
2673 5282 2745 5338 2⁶1
2780 5299 2902 5355 pro-

621 5371 786 5442 phete
822 5373 894 5426 M
