3275 6434
534 1402 608 1475 cap.
626 1402 739 1459 uxrru
759 1401 937 1456 1-nrmrn
955 1403 981 1456 e.
1282 1409 1342 1470 flu

203 1617 266 1680 que
290 1596 329 1664 de
348 1617 384 1664 se
406 1598 524 1681 scripta
545 1602 629 1674 eunt,
654 1597 729 1662 fecit
751 1616 808 1662 neo
832 1596 981 1663 dissoluit
1003 1597 1132 1680 aliquid,
1157 1597 1212 1661 sed
1235 1599 1342 1662 coinfir-

204 1704 318 1772 mauit
345 1702 395 1768 lex
423 1703 506 1768 enim
535 1706 566 1768 et
593 1704 732 1787 profetae
760 1721 861 1785 usque
884 1702 922 1766 ad
951 1702 1065 1787 ipsum.
1094 1704 1231 1786 profetae
1260 1702 1343 1767 euim

206 1808 245 1874 (le
269 1809 340 1893 ipso
364 1809 463 1875 locuti
481 1812 571 1874 aaut:
594 1807 664 1874 ileo
690 1808 772 1872 ultra
790 1807 880 1875 illurn
900 1826 980 1891 quae
999 1809 1037 1872 ob
1057 1807 1106 1872 luis
1125 1807 1162 1871 de
1181 1808 1240 1873 hoo
1260 1807 1345 1872 diota

207 1919 284 1980 suut
307 1914 394 1980 tendi
413 1933 473 1980 non
496 1917 632 1996 possunt
660 1932 762 1996 noque
785 1918 859 1995 post
886 1914 990 1996 ipsam
1014 1913 1111 1995 aliqui
1134 1913 1230 1978 huius
1258 1911 1344 1978 modi

176 2019 350 2102 eprofetae
390 2019 540 2104 repperiri
579 2021 761 2103 potuerunt,
807 2019 882 2101 quia
918 2037 1018 2099 neque
1054 2018 1171 2083 habeut
1206 2018 1244 2083 (le
1282 2037 1344 2101 quo

207 2124 326 2203 dicant,
349 2129 383 2190 et
405 2124 443 2190 de
466 2144 529 2209 qao
553 2123 699 2190 dicebaut
721 2124 783 2188 iam
808 2124 905 2189 uenit.
934 2124 1040 2188 omnia
1066 2123 1181 2189 etenim
1210 2123 1332 2189 inolumi

205 2231 302 2295 nibus
325 2230 395 2296 suis
417 2229 570 2313 complexi
593 2235 677 2303 suut,
700 2234 732 2294 et
755 2228 997 2293 incarnationem
1021 2231 1053 2292 et
1074 2229 1344 2294 conuersatiouem

206 2340 239 2401 et
268 2336 447 2419 passionem
470 2340 503 2400 et
523 2335 781 2400 resurrectionem
805 2338 838 2399 et
860 2333 1037 2399 diuinitatis
1060 2333 1344 2400 manifestationem

207 2449 240 2506 et
265 2443 410 2507 futurum
433 2441 501 2506 eius
525 2440 676 2506 iudicium
701 2441 887 2512 reuelaurnt,
918 2458 954 2506 no
976 2458 1032 2524 por
1053 2439 1114 2504 hoc
1141 2443 1345 2505 cessauerunt

160 2568 188 2610 u·
206 2547 349 2630 profetae
372 2546 503 2630 impleto
526 2564 619 2630 opere
641 2545 895 2627 dispensationis.

254 2654 285 2721 ⁴2,
308 2652 371 2717 Lex
394 2655 500 2717 animm
520 2651 637 2735 duplici
658 2650 750 2717 morlo
769 2651 919 2729 cessauit,
942 2667 998 2715 nec
1021 2649 1146 2733 quidem
1169 2654 1251 2724 tota;
1275 2668 1346 2713 num

207 2764 241 2824 et
266 2758 298 2823 id
322 2758 407 2841 quod
430 2759 567 2823 cessauit
586 2757 702 2841 poterit
718 2775 854 2834 manere,
873 2757 901 2822 si
919 2760 1064 2822 seruetur
1086 2756 1236 2822 condicio.
1260 2755 1346 2820 aliud

208 2866 295 2929 euim
328 2864 470 2929 cessauit
500 2863 530 2927 iu
563 2863 728 2940 sententia,
762 2861 848 2926 aliud
880 2863 911 2927 in
943 2863 1012 2945 ipsa
1044 2862 1122 2946 lege.
1149 2860 1347 2946 praedicante

209 2969 349 3035 iohanne
381 2968 573 3050 baptismum
606 2967 814 3051 paenitentiae
841 2967 872 3032 iu
900 2967 1116 3033 remissionem
1148 2970 1348 3050 peccatorum

163 3094 192 3137 ra
211 3074 355 3140 cessauit
382 3074 538 3139 sententia
564 3073 656 3158 legis,
684 3091 763 3155 quiae
786 3092 856 3139 reos
883 3073 1010 3139 unetos
1032 3078 1222 3157 peccatores,
1246 3091 1348 3138 cessa·

210 3183 327 3245 uerunt
340 3179 436 3245 etiarn
451 3197 544 3244 onera
557 3178 649 3264 logis,
664 3196 744 3262 quae
758 3177 796 3242 ad
811 3177 960 3243 duritiam
975 3177 1078 3244 cordis
1091 3177 1211 3243 Iudaici
1224 3177 1350 3243 fueraut

211 3286 287 3350 data
301 3286 331 3350 in
350 3285 444 3360 escis,
459 3285 644 3363 neomeniis,
658 3284 814 3350 mustelis.
830 3283 1044 3349 misericordia
1061 3282 1143 3347 enirn
1162 3282 1349 3348 aduenieuie

211 3391 357 3456 cessauit
380 3388 529 3455 uindicta.
558 3389 613 3454 sed
637 3409 729 3455 onera
756 3388 837 3474 legis
865 3389 1108 3472 inperpetuum
1135 3391 1349 3461 cessauerunt,

212 3497 372 3562 sententia
394 3514 470 3562 uero
493 3495 543 3560 luis
566 3500 668 3560 cessat
692 3499 724 3559 et
747 3495 902 3571 aboletur,
926 3495 979 3577 qui
1004 3499 1184 3578 permanent
1205 3493 1236 3556 iu
1259 3493 1351 3557 beno·

162 3621 192 3665 ru
212 3602 287 3668 ticin
316 3606 497 3667 consecuto.
525 3600 575 3666 his
598 3604 705 3665 auteur
729 3600 782 3682 qai
806 3599 939 3664 redeunt
965 3599 1005 3664 ad
1027 3599 1186 3664 hominem
1210 3602 1348 3664 ueterem

210 3706 380 3772 refricatur
396 3706 478 3790 legis
496 3705 677 3783 auctoritas,
697 3705 770 3788 quia
785 3705 971 3770 inmemores
986 3702 1207 3769 beneficiorum
1221 3704 1352 3770 redeunt

211 3811 274 3877 snb
299 3813 485 3879 senteutiam
508 3811 600 3896 legis.

257 3917 290 3981 3.
305 3916 513 3983 circumcisio
532 3934 606 3982 uero
626 3923 658 3981 et
677 3915 842 3981 sabbatam
863 3933 964 3997 usque
983 3914 1023 3979 ad
1041 3915 1073 3979 id
1093 3919 1219 3999 tempus
1238 3913 1351 3988 ualuit,

211 4040 278 4105 quo
296 4040 398 4088 nouae
420 4022 502 4106 logis
524 4021 756 4104 praedicaretur
777 4020 970 4085 mandatum.
994 4020 1042 4084 sic
1064 4019 1147 4085 eninr
1171 4019 1243 4084 data
1266 4022 1352 4097 sunt,

156 4149 190 4194 re
211 4132 250 4192 ut
270 4125 458 4193 aduenienle
480 4126 550 4211 lege
567 4125 639 4191 fidei
663 4129 833 4193 cessarent
852 4125 933 4191 unde
952 4124 1030 4191 (licit
1047 4124 1226 4211 apostolus:
1250 4124 1266 4189 f
1270 4123 1351 4188 inis

211 4232 321 4317 legis
349 4230 549 4297 Christus.
583 4250 653 4296 nem
687 4237 719 4296 et
751 4230 884 4296 Danihel
918 4231 978 4296 hoc
1011 4229 1178 4314 significat,
1210 4249 1283 4295 oum
1312 4228 1351 4293 (le

303 4487 374 4544 ici.
391 4486 490 4543 muln.
511 4490 552 4556 ll,
573 4488 614 4543 13.
633 4486 695 4543 Lae.
715 4488 757 4555 lo,
778 4488 810 4541 lo
914 4487 946 4542 18
965 4487 999 4543 ef.
1016 4486 1098 4544 liare.
1119 4487 1142 4547 1.
1161 4487 1187 4542 4.
1205 4487 1269 4541 Luc⁴
1289 4488 1315 4551 8,
1334 4491 1351 4541 3

214 4575 506 4719 weng-23²⁹
571 4575 607 4630 20
625 4575 658 4629 ef.
677 4576 752 4630 Rom.
772 4576 797 4638 6,
815 4577 833 4629 o
853 4579 903 4630 etc.
971 4577 1006 4630 25
1025 4574 1101 4629 Rom.
1121 4574 1200 4637 10‚4
1263 4575 1297 4629 26
1317 4575 1351 4630 ef.

117 4827 166 4884 ’.Ρ
255 4823 337 4878 icil.
352 4820 533 4894 profetissa!
565 4822 702 4878 rustic
736 4822 896 4892 5repperiri
909 4825 989 4888 (corr.
1005 4821 1121 4892 repperi)
1135 4820 1159 4874 C
1171 4821 1282 4892 reperiri
1296 4821 1356 4876 Μ’

217 4909 393 4981 Μίιώιηῐ]
411 4908 552 4965 dicebatur
571 4908 654 4966 ONX
735 4910 878 4965 seins-
901 4909 932 4963 N
1012 4910 1043 4964 ll
1064 4910 1125 4979 nec]
1145 4925 1199 4963 non
1218 4908 1273 4964 (Μ
1290 4911 1352 4963 ueni

216 5002 302 5072 (corr.
320 5005 385 5066 noa)
403 4999 432 5053 B
538 4997 572 5051 12
594 5013 703 5053 manere
726 5001 782 5064 (ma
798 4997 831 5051 irs
849 5003 913 5062 ruo.)
935 4998 1132 5069 Opermsnere
1150 4996 1209 5067 (per
1226 5000 1306 5061 erar.)
1324 4995 1355 5050 u·

215 5088 252 5143 Π
270 5087 299 5142 in
317 5087 395 5157 escis}
412 5086 500 5142 neseis
520 5084 575 5141 GN
648 5085 781 5140 rameniis
799 5086 861 5141 MC
933 5084 1217 5152 narrentanorum
1258 5083 1294 5138 20
1312 5098 1355 5137 re·

213 5174 297 5229 diunt
317 5173 369 5228 OF
421 5174 454 5228 21
474 5171 665 5244 refrigaturt'
715 5172 806 5244 qaiO
862 5174 985 5228 immores
1004 5175 1084 5240 (corr.
1102 5174 1159 5240 or2)
1177 5171 1213 5225 Μ
1273 5169 1354 5225 bene·

213 5261 338 5316 liciorum
357 5260 401 5316 (lei
421 5260 473 5316 GA
546 5257 654 5315 redient
674 5259 726 5316 CF
775 5260 811 5314 23
830 5261 870 5331 et]
889 5259 923 5315 erl
945 5260 969 5315 0
