3275 6434
247 959 313 1022 426
518 957 689 1027 Appendir
707 957 937 1029 questionum
955 960 1021 1010 uet-
1039 959 1118 1011 tert

247 1150 396 1216 nueulum
419 1148 549 1217 eutitii
571 1149 633 1231 dei,
655 1149 733 1216 lieet
754 1168 838 1217 onor
861 1149 905 1216 eit
931 1148 1010 1215 dene
1037 1152 1071 1215 et
1098 1148 1197 1215 homo
1225 1145 1317 1213 ilino
1343 1145 1388 1213 dei

248 1257 282 1320 et
303 1253 389 1321 filine
411 1254 559 1321 hominio.
583 1273 658 1341 ergo
682 1274 718 1322 ex
740 1255 800 1322 heo
826 1258 915 1340 pure
941 1253 1103 1341 ragnum
1129 1272 1194 1320 non
1222 1252 1388 1338 appropin-

248 1377 365 1443 quneee
391 1359 507 1427 dieitur
532 1360 735 1427 teberneeulo
763 1361 845 1441 eine,
872 1359 905 1426 io
932 1363 993 1441 eet,
1021 1359 1127 1426 anime
1153 1359 1240 1438 eine,
1269 1358 1304 1423 in
1331 1376 1388 1443 qm

247 1464 371 1532 tubitet
383 1464 534 1534 dininime
548 1467 626 1547 eine,
638 1467 778 1532 inmunis
792 1465 856 1533 tuit
868 1484 887 1531 e
900 1484 1001 1550 poeno
1014 1464 1126 1532 iniemi
1140 1463 1197 1530 uel
1210 1462 1387 1548 principum

247 1571 328 1638 eine.
345 1590 394 1655 oe,
417 1572 492 1656 quie
512 1572 565 1640 hio
587 1573 678 1656 quuei
700 1577 858 1658 poenitor,
882 1591 955 1640 eum
972 1573 1018 1639 nit
1035 1572 1198 1648 innoeene,
1217 1567 1387 1636 ernonxm
1411 1586 1422 1631 r

246 1679 297 1742 ent
318 1681 352 1744 et
371 1696 467 1762 peren
489 1683 539 1745 eei
560 1696 632 1745 erro
655 1677 776 1763 reliquii
803 1677 994 1756 moestitiae,
1022 1675 1107 1761 unni
1132 1674 1258 1742 interne
1287 1674 1388 1741 enimn

246 1781 513 1866 erroneorum,
542 1784 682 1850 ostendit
708 1785 866 1869 seriptum
890 1801 951 1849 non
978 1781 1122 1867 potnieee
1149 1781 1296 1847 unimam
1324 1780 1387 1847 eine

246 1886 367 1954 tnrbnri
390 1888 475 1973 epod
496 1889 623 1966 interos,
645 1889 721 1972 quin
743 1888 782 1954 ed
805 1888 867 1955 hoo
888 1887 1061 1965 deseendit
1089 1884 1150 1952 hoe
1179 1890 1232 1952 eet
1261 1885 1332 1970 peti
1357 1904 1388 1951 ee

245 1993 402 2075 perminii,
415 1997 454 2059 ut
471 1994 675 2061 contunderet
693 1995 839 2060 tenebrae
858 1997 891 2060 et
906 1992 1064 2078 principer
1082 2009 1194 2057 eurum
1211 1991 1389 2059 remitteret

247 2096 387 2166 hebetes.
410 2099 494 2166 unde
518 2104 551 2166 et
572 2099 641 2182 ipre
664 2099 811 2166 dominun
834 2099 894 2166 uit:
917 2098 1046 2164 trietie
1069 2101 1129 2163 eet
1157 2096 1287 2175 inimo
1314 2114 1421 2162 meno

246 2221 366 2287 unque
393 2203 436 2270 ud
464 2208 630 2271 mortem.
658 2203 813 2289 perminor
839 2208 890 2270 eet
916 2203 1011 2282 enim,
1038 2201 1123 2286 quod
1149 2205 1289 2268 neturue
1316 2220 1387 2269 enee

245 2311 323 2388 eret,
345 2313 383 2375 ut
404 2309 594 2386 tristaretur,
616 2313 745 2395 tropeo·
767 2309 911 2395 pretione
933 2308 1072 2375 reterens
1091 2312 1124 2373 et
1141 2306 1252 2392 epolie
1270 2326 1386 2386 eornm,

245 2414 407 2498 aquibus
438 2415 625 2481 eontriotntn
649 2414 754 2481 fueret
779 2433 882 2499 neque
909 2413 948 2480 ud
973 2416 1119 2491 mortem,
1146 2416 1224 2498 poet
1252 2414 1385 2480 mortem

244 2520 308 2586 inm
329 2521 362 2586 in
389 2524 514 2588 eetemo
541 2519 657 2607 gaudio
685 2521 869 2588 oonotitntn.
895 2523 1004 2604 potent
1030 2523 1064 2585 et
1091 2518 1130 2585 de
1157 2522 1229 2585 toto
1258 2518 1385 2585 homine

243 2624 487 2712 intellegique
504 2627 559 2710 qni
577 2629 742 2711 noeentum
756 2625 873 2692 neeeiit
890 2623 998 2710 elego
1014 2623 1168 2710 tingellui
1186 2642 1253 2690 non
1271 2623 1416 2708 potuiio

124 2863 180 2918 net.
196 2864 225 2929 4)
242 2851 353 2917 XLVI.
385 2851 470 2919 CUR
499 2852 621 2918 AnAM
652 2851 697 2918 ΙΝ
734 2850 888 2919 MUNDO
926 2848 1100 2918 Poslnns
1137 2847 1381 2916 MANDATUH

240 2955 420 3024 Aconum
442 2956 524 3024 ΗΕΒ
545 2955 703 3034 nntium,
724 2955 815 3023 OUM
838 2955 929 3022 [Psn
957 2952 1180 3022 DOMINIUM
1209 2951 1380 3021 omno·

646 3061 739 3129 BUM
762 3061 978 3128 menone

290 3201 443 3282 Quamuis
466 3202 613 3268 dominns
636 3203 667 3268 in
691 3202 808 3268 mundo
831 3202 957 3286 poeitue
980 3202 1024 3266 eit
1045 3199 1158 3278 Auum
1182 3204 1289 3265 tumen
1312 3201 1380 3283 quir

243 3326 306 3374 non
328 3307 438 3391 ntique
462 3327 499 3373 eu
521 3327 566 3387 ee,
590 3308 647 3374 eod
670 3307 769 3374 odeo
798 3309 931 3392 aceepit,
958 3307 1069 3373 debuit
1094 3305 1193 3371 hniue
1220 3305 1267 3371 rei
1289 3305 1379 3391 rigni·
1392 3330 1414 3373 n

242 3413 421 3479 flectionem
445 3432 481 3478 ex
503 3414 573 3498 lege
596 3413 747 3497 neeinere,
770 3418 809 3479 ut
830 3413 908 3498 ipre,
928 3413 983 3497 qui
1002 3411 1150 3478 dominun
1172 3410 1313 3489 uidetur,
1330 3429 1380 3494 per

242 3519 346 3603 legem
371 3517 400 3582 ei
423 3517 586 3584 enbieotue
609 3521 707 3598 eeeet,
726 3518 782 3603 qui
803 3518 852 3584 illi
874 3518 955 3584 huno
979 3516 1108 3583 dederet
1125 3519 1329 3601 potestatem,
1347 3520 1381 3578 ut

242 3623 415 3690 auotoritas
451 3624 600 3690 erentorir
635 3625 845 3690 reuerentiam
880 3623 929 3691 illi
960 3624 1080 3689 teneret
1110 3641 1166 3706 per
1197 3620 1315 3705 legem,
1344 3636 1379 3684 ne

244 3730 417 3795 dominatio
440 3732 528 3796 tento
555 3730 719 3797 extolleret
747 3730 838 3796 illum
863 3734 895 3796 et
916 3730 1070 3796 inmemor
1092 3727 1181 3794 tieret
1203 3725 1256 3793 dei
1279 3724 1380 3792 eondi-

243 3834 322 3901 torio
346 3835 407 3901 eni.
1393 3855 1417 3900 n

331 4039 401 4094 ios.
419 4040 463 4097 Pe.
482 4040 526 4108 80,
542 4041 576 4096 10
623 4039 940 4110 iei.Apoe.o,8etu.
989 4036 1142 4093 scinne.
1162 4036 1379 4105 lotione

242 4126 269 4196 2,
287 4127 331 4181 22.
348 4127 382 4182 81
439 4128 472 4183 10
489 4127 589 4183 Maon.
606 4127 650 4196 88,
668 4126 704 4184 88

276 4249 402 4322 ianime
418 4249 449 4305 D
537 4248 649 4321 Gupud
671 4248 772 4304 iniero·
795 4250 885 4305 enimn
907 4248 977 4318 eiur]
1000 4262 1083 4318 prere
1104 4262 1164 4302 erre
1188 4245 1263 4318 opud
1281 4245 1379 4301 intereo

242 4338 332 4393 nnimu
349 4337 382 4394 K
399 4337 471 4408 opud
488 4336 588 4392 iniero·
606 4338 697 4392 enimn
715 4339 772 4393 eino
790 4352 871 4408 pereo
889 4352 913 4389 o
992 4335 1118 4390 tinnimu
1136 4333 1205 4405 οἱοί]
1223 4334 1284 4390 onii,
1303 4349 1380 4405 nme

241 4440 301 4481 eeee
382 4425 417 4480 18
434 4423 577 4497 tropheum
595 4441 615 4480 o
696 4425 728 4479 17
749 4425 792 4480 nel
808 4424 899 4495 legem
917 4422 1024 4492 eeoepit
1040 4421 1091 4478 Ko
1181 4423 1215 4478 18
1232 4422 1262 4477 iu
1280 4421 1378 4478 mundo

241 4513 365 4569 dominun
383 4529 403 4568 o
459 4514 495 4569 20
512 4512 541 4568 id
559 4519 624 4568 onte
637 4513 742 4584 ueeepit
755 4512 822 4568 odd.
841 4528 860 4565 o
913 4511 949 4565 22
968 4510 1106 4565 rubieetur
1124 4511 1149 4565 ei
1168 4526 1187 4565 n
