3275 6434
237 977 302 1040 380
642 973 741 1026 Liber
759 973 990 1041 quaestionum

283 1168 336 1230 14.
373 1164 451 1231 (tum
476 1166 607 1248 profatis
632 1183 706 1250 orgo
728 1168 762 1229 ot
783 1165 880 1230 irratio
901 1165 982 1231 uiris
1005 1167 1151 1231 narratum
1183 1165 1291 1231 tariano
1319 1166 1380 1249 api·

235 1271 332 1335 ritum
364 1290 424 1337 non
458 1274 508 1336 eat
538 1271 737 1355 ambiguum:
770 1288 844 1336 oum
875 1270 1008 1353 protetio
1034 1274 1163 1355 proptor
1189 1270 1379 1354 dispenanti-

236 1394 339 1452 onom,
359 1395 429 1442 oum
445 1377 540 1442 initio
554 1394 629 1442 nero
649 1393 745 1441 canan
762 1377 951 1454 sanctitatis,
970 1376 1054 1442 aiant
1070 1378 1190 1461 legitur
1209 1377 1250 1443 (1ο
1268 1382 1378 1444 annon

237 1481 403 1565 Symeona
432 1483 507 1565 qnia
534 1483 722 1566 spiritua,
749 1482 863 1563 inquit,
892 1487 1059 1547 aanotna
1091 1485 1178 1547 orat
1206 1499 1295 1547 enm
1324 1500 1378 1562 ιο,

236 1605 296 1652 non
326 1591 363 1652 ut
389 1587 515 1671 signum
547 1591 633 1654 annot
664 1588 843 1671 adoptionis
870 1588 901 1651 in
931 1605 978 1663 eo,
1006 1586 1061 1653 aad
1093 1590 1280 1653 moritorum
1310 1587 1415 1653 ιίιιιι

237 1692 352 1776 gratia3
377 1711 448 1757 narn
476 1692 534 1757 filii
563 1691 614 1757 dai
641 1692 801 1757 aradentoa
834 1696 910 1757 tunc
943 1711 1014 1758 asoa
1041 1697 1224 1776 cooperunt,
1253 1691 1378 1776 quando

235 1797 456 1862 manifestatur
481 1800 530 1863 ost
553 1798 637 1862 tilios
661 1798 710 1863 dai
733 1799 820 1862 nictn
843 1803 944 1863 morta
967 1803 1098 1863 annotaa
1121 1802 1298 1864 creaturae.

282 1905 332 1968 15.
353 1903 387 1969 Si
405 1904 436 1968 in
455 1903 555 1969 Adam
580 1909 684 1967 autern
709 1905 761 1968 ua!
785 1903 898 1968 catoris
918 1905 964 1968 sic
983 1904 1105 1969 dicatur
1122 1905 1225 1969 fnisse
1245 1905 1378 1987 apin-iona

235 2014 376 2083 nanctus,
392 2009 476 2074 siout
489 2026 570 2073 nunc
586 2013 636 2073 eat
652 2010 682 2072 in
703 2008 859 2074 fidelibus.
880 2027 959 2091 qnae
979 2028 1059 2074 nona
1079 2008 1159 2074 dona
1177 2008 1270 2075 dedit
1289 2008 1377 2091 douo,

235 2132 308 2180 corn
327 2133 457 2198 rognum
481 2113 539 2178 filii
563 2114 614 2178 aui
637 2113 798 2179 dedicauit
818 2115 850 2179 in
875 2114 985 2179 nobis?
1006 2118 1039 2180 at
1057 2134 1119 2196 qno
1137 2114 1233 2182 nrodo
1250 2115 1328 2181 salix
1346 2125 1377 2186 ot
1392 2130 1416 2174 ¹⁰

235 2218 363 2284 beatum
387 2224 513 2303 tompus
536 2239 610 2302 praa
633 2220 747 2285 oateris
771 2220 886 2284 dicitur
909 2221 1078 2285 saluatoris
1101 2222 1271 2295 aduentus,
1296 2222 1325 2286 ni
1343 2240 1379 2286 aa

235 2325 396 2409 praest-itit
419 2344 498 2407 quaa
520 2326 582 2390 iarn
605 2326 731 2389 fuerant
753 2327 924 2408 praestita?
948 2329 981 2390 at
1009 2327 1062 2390 nbi
1092 2330 1143 2391 ast
1167 2326 1261 2406 illud,
1293 2328 1377 2409 qnod

235 2430 314 2496 dicit
341 2432 481 2495 saluator
507 2430 546 2494 ad
575 2430 763 2513 discipulos:
800 2432 931 2497 rnnlti.
967 2432 1082 2514 inquit.
1118 2433 1308 2514 profetae
1339 2440 1377 2499 ot

235 2537 329 2600 inati
350 2537 569 2618 cupierunt
587 2536 727 2601 uidere
751 2554 844 2618 quaa
867 2536 1025 2603 nidotia
1049 2543 1086 2602 et
1109 2536 1252 2604 andire
1278 2557 1376 2621 quaa

235 2640 402 2720 auditis,
425 2646 464 2705 et
487 2660 559 2706 non
584 2640 826 2706 andierunt?
1390 2656 1413 2702 ιι

280 2746 330 2810 16.
354 2743 424 2825 Qua
446 2746 565 2810 rationo
593 2764 668 2830 argo
695 2747 813 2829 poterit
839 2747 899 2812 dici
929 2748 1002 2829 quia
1029 2748 1192 2812 beatitudo
1221 2750 1373 2831 temporit

234 2852 329 2917 hniua
353 2851 431 2915 nihil
455 2851 592 2932 amplius
617 2851 752 2915 contulit
774 2851 858 2927 doni,
883 2870 976 2934 quarn
1001 2852 1164 2917 ueteribus
1192 2855 1244 2918 eat
1271 2854 1372 2918 oonln·

232 2960 325 3022 turn?
357 2956 440 3039 qnod
473 2956 598 3040 quidem
628 2956 666 3020 ad
692 2956 838 3021 inirniarn
868 2957 990 3041 proficit
1022 2959 1202 3034 saluatoris,
1231 2962 1269 3024 nt
1296 2960 1373 3024 nihil

234 3063 379 3127 habuerit
408 3082 535 3143 nouum,
563 3064 645 3144 qnod
673 3064 703 3127 in
733 3071 804 3128 ortu
833 3065 956 3148 imperii
984 3066 1033 3129 nni
1062 3066 1314 3146 auaoipiantibna
1341 3085 1372 3130 oo

235 3169 373 3244 donaret,
393 3187 464 3233 oum
484 3167 516 3230 id
536 3167 694 3232 elaborare
715 3169 838 3233 solenni
860 3170 987 3243 diuites,
1011 3174 1048 3233 nrt
1065 3171 1095 3232 in
1115 3170 1166 3234 die
1185 3172 1269 3235 sesto
1289 3178 1371 3236 nata·
1385 3178 1409 3224 θ)

235 3276 275 3339 lis
300 3275 349 3338 sui
374 3276 530 3357 exquisita
553 3276 696 3339 inuitatis
720 3276 795 3339 dont
817 3276 987 3358 npoioreta.
1012 3281 1129 3359 quanta
1155 3294 1231 3360 argo
1258 3277 1372 3341 iniuria

235 3378 353 3444 domini
377 3385 435 3454 ost,
460 3384 496 3444 nt
519 3381 579 3456 hia,
604 3399 682 3462 quos
707 3381 744 3444 ad
766 3401 881 3445 nouum
904 3387 935 3447 et
954 3383 1130 3446 inauditum
1151 3381 1235 3445 diam
1254 3382 1372 3447 fastam

236 3491 267 3549 ot
282 3487 365 3551 omni
385 3485 478 3550 lando
497 3486 626 3570 dignum
646 3487 805 3564 inuitauit,
826 3507 886 3550 non
906 3486 1027 3551 dicatur
1045 3486 1195 3551 habuisse
1215 3486 1373 3569 inexperta

236 3608 316 3671 qnae
330 3591 472 3656 donarat!
493 3595 524 3656 ot
542 3591 596 3654 nbi
617 3596 666 3655 ont
682 3590 761 3655 illuo
782 3591 996 3674 euangelistae
1011 3591 1167 3671 Iohannis,
1181 3592 1267 3673 quod
1284 3591 1371 3656 dicit:

236 3679 365 3760 in'aua
388 3697 502 3760 nenit
525 3700 564 3760 ot
587 3698 649 3762 ani
674 3715 757 3760 eunr
782 3714 855 3761 non
881 3700 1143 3778 receperunt:
1169 3701 1410 3779 quotquot*

324 3953 423 4007 4Luc.
443 3955 468 4021 2,
487 3956 521 4009 25
577 3956 610 4009 lo
628 3972 666 4024 aq.
688 3955 721 4011 cs.
740 3955 783 4011 Pa.
804 3956 846 4023 50,
868 3956 899 4008 12
951 3956 984 4009 13
998 3956 1157 4022 Martium,
1178 3956 1210 4008 17
1266 3955 1371 4011 2510o.

238 4043 262 4109 1,
284 4043 387 4097 11-13

263 4220 285 4292 vl
307 4218 357 4271 uiri
370 4217 400 4269 N
445 4219 795 4287 tinquitsnnctuaom.n'
836 4220 920 4273 ‘iiiiii
935 4221 955 4284 (i
969 4221 1018 4273 nit.
1032 4221 1062 4272 in
1078 4220 1182 4283 man?
1225 4220 1373 4274 onaan?

237 4304 323 4374 dedit!
343 4305 385 4359 dit
402 4305 439 4358 Μ
491 4307 524 4360 10
543 4307 602 4360 solia
622 4306 659 4360 Μ
720 4309 752 4362 13
772 4309 861 4362 norati
881 4308 1011 4378 propheta
1031 4309 1057 4360 P
1110 4310 1143 4362 14
1162 4308 1327 4371 cuninernnt
1345 4306 1374 4362 N

239 4396 271 4447 15
290 4394 403 4448 audiatis
421 4398 513 4460 (corr.)
530 4395 560 4448 N
613 4396 775 4450 andiuarnnt
790 4396 820 4448 N
852 4397 887 4450 20
901 4396 928 4449 io
943 4397 1080 4450 alabornro
1094 4397 1192 4465 aoripoi
1205 4395 1277 4450 idom
1297 4397 1371 4450 labo·

237 4488 309 4536 rarat
328 4483 355 4535 P
370 4482 414 4535 ide
432 4482 556 4538 laborare
574 4484 642 4538 ΜΝ
657 4485 726 4538 idern
746 4485 869 4539 laborare
891 4486 944 4538 CX
976 4485 1009 4538 21
1031 4486 1210 4553 “quaterna
1226 4485 1257 4538 X
1308 4502 1371 4552 apo·

236 4571 334 4640 ioreta]
364 4571 468 4625 lacuna
494 4573 525 4624 ιἰι
548 4572 575 4625 Ρ
601 4574 747 4642 nprosoritn
771 4572 889 4627 MNFB
917 4573 1047 4643 proforita
1073 4574 1096 4626 0
1120 4574 1296 4642 aprophorita
1319 4571 1370 4627 ΟΔ

237 4660 350 4729 quanta}
370 4660 472 4734 quiiota
490 4659 528 4727 (2)
548 4662 608 4723 (nit.
628 4662 636 4713 i
655 4676 676 4713 a.
697 4661 727 4727 i.)
746 4661 781 4713 Μ
798 4662 878 4729 (corr.
898 4663 958 4729 quis
976 4662 1027 4727 ita)
1106 4661 1141 4713 23
1161 4662 1301 4729 inarpartn
1320 4659 1372 4714 FB

236 4747 373 4814 inornarte
394 4747 429 4814 G,
448 4752 527 4810 (corr.
545 4753 603 4814 m2)
621 4750 647 4802 A
697 4748 731 4802 21
751 4750 921 4818 euangelista
941 4749 990 4801 CB
1061 4749 1167 4802 inhania
1186 4747 1217 4800 N
1265 4749 1301 4801 25
1321 4764 1371 4801 non

236 4850 288 4890 om.
307 4833 334 4887 P
403 4837 556 4904 reciperunt
576 4836 630 4890 CX
700 4836 771 4907 quod
791 4836 863 4906 quod
883 4836 950 4890 ΜΝ
963 4834 1105 4906 qnodqnot
1122 4840 1213 4904 (corr.)
1235 4833 1259 4889 0
