3275 6434
676 1195 750 1268 cop.
769 1194 1006 1253 carmin-ra
1339 1199 1406 1265 aas

269 1389 316 1454 ita
323 1393 357 1457 et
365 1389 597 1456 Melchisedech
606 1393 717 1456 anctor
726 1389 869 1456 institiae
879 1393 911 1455 et
920 1390 1018 1475 pacis,
1033 1389 1171 1473 qniaqni
1181 1408 1237 1475 per
1246 1387 1406 1456 Christum

270 1495 396 1577 uiuunt,
412 1495 445 1562 hi
465 1480 666 1581 dispensante
684 1496 809 1563 institia
827 1500 863 1566 et
877 1515 954 1580 pace
971 1501 1132 1581 reguntur.
1155 1495 1304 1562 cordibus
1322 1496 1406 1562 enirn

269 1619 439 1667 seruorum-
457 1600 508 1668 dei
530 1602 687 1668 iustitiam
705 1602 844 1669 infundit
864 1606 898 1668 et
918 1620 1028 1686 pacem
1051 1601 1091 1666 ad
1115 1601 1321 1667 exornandam
1344 1600 1406 1667 dis·

268 1705 419 1791 ciplinam
440 1707 640 1774 dominicam.
668 1707 825 1791 seriptum
850 1707 989 1792 legimns
1010 1707 1043 1773 in
1065 1709 1188 1791 psalmo
1211 1706 1405 1791 octogesimo

237 1815 391 1893 equam,
409 1810 484 1896 qnia
500 1812 654 1881 institia
671 1815 709 1879 et
726 1831 795 1898 pax
813 1813 1029 1896 complexae
1048 1817 1137 1881 sunt
1153 1832 1192 1879 se
1206 1815 1244 1878 et
1261 1812 1405 1879 ueritas

269 1916 313 1981 de
336 1920 437 1984 terra
459 1921 542 1984 orta
563 1925 631 1997 est,
659 1922 702 1996 et,
725 1921 762 1984 nt
784 1917 824 1984 de
851 1937 914 2000 qna
934 1918 1060 1985 institia
1081 1918 1200 1984 diceret
1217 1917 1406 1991 ostenderet

268 2023 313 2088 ait
336 2024 412 2106 qnia
433 2024 588 2091 institia
608 2024 653 2090 de
672 2022 776 2090 caelo
800 2024 1006 2109 prospexit
1034 2025 1094 2090 hoo
1119 2024 1159 2090 de
1181 2027 1322 2108 ternpore
1345 2022 1405 2089 sal·

268 2129 399 2195 datoris·
412 2130 567 2214 scriptura
589 2129 739 2208 ostendit,
764 2148 827 2214 quo
849 2129 973 2195 institia
990 2128 1041 2196 dei
1059 2129 1133 2194 data
1149 2131 1201 2195 est
1216 2126 1332 2195 mando
1350 2145 1406 2211 per

268 2232 658 2321 Christnmincognitione
665 2234 809 2320 myterii
819 2233 872 2300 dei
880 2235 984 2313 anina,
995 2233 1079 2316 qnod
1086 2237 1158 2299 ante
1167 2232 1403 2316 promiserat-

223 2352 251 2398 ro
267 2338 391 2406 iustum
404 2341 455 2404 est
468 2339 550 2405 enim
565 2339 646 2405 seire
661 2343 838 2405 ereaturam
852 2339 1020 2405 ueritatem
1034 2338 1183 2405 creatoris
1197 2337 1248 2403 sui
1261 2373 1315 2416 -,
1325 2355 1404 2421 qnae

266 2442 392 2509 institia
417 2444 618 2510 manifestata
639 2444 671 2510 in
699 2443 791 2510 terris
819 2443 945 2510 sublata
966 2442 1132 2521 discordia,
1156 2461 1236 2526 qnae
1259 2441 1298 2508 de
1324 2442 1404 2508 inin·

267 2547 358 2614 stitia
369 2548 473 2615 inerat
485 2553 633 2634 generata
645 2549 798 2634 incogniti
813 2547 875 2626 dei,
890 2549 1040 2634 pacificos
1053 2549 1131 2615 feeit
1143 2547 1314 2626 discordes,
1329 2546 1403 2612 dnm

267 2654 410 2719 diuersos
434 2652 555 2720 dudam
572 2654 603 2720 in
622 2672 685 2719 nna
706 2652 768 2719 nde
792 2653 969 2720 constitnit
993 2654 1040 2719 sic
1063 2659 1108 2719 ‘so
1130 2654 1308 2737 complexae
1331 2656 1405 2718 sunt

265 2759 392 2825 institia
414 2763 448 2824 et
469 2778 529 2844 pax
551 2764 584 2825 et
601 2759 718 2825 ueritas
737 2759 833 2825 nnius
858 2759 909 2824 dei
927 2759 965 2824 de
983 2765 1065 2824 terra
1089 2761 1157 2824 orta
1175 2762 1234 2824 est’
1251 2758 1406 2842 magistra

220 2879 250 2924 as
268 2864 402 2930 institia.
415 2865 588 2930 incarnatio
603 2865 685 2930 enirn
700 2863 819 2930 Christi
840 2864 981 2930 ostendit
997 2883 1077 2948 quae
1096 2867 1183 2930 esset
1201 2863 1239 2930 da
1256 2863 1327 2948 ipso
1346 2863 1403 2929 deo

267 2969 387 3035 ueritas
403 2970 629 3055 cognoscenda.
647 2970 748 3053 igitur
765 2971 842 3036 naec
861 2974 946 3035 certe
965 2970 1089 3035 iustitia
1106 2969 1156 3035 dei
1173 2971 1234 3034 est.
1256 2969 1405 3034 similiter

266 3079 301 3140 et
322 3093 381 3158 par
403 3075 525 3141 dicente
549 3076 708 3158 apostolos
730 3076 813 3159 ipse
836 3079 959 3141 autern
984 3075 1075 3141 dens
1098 3075 1205 3159 pacis
1233 3078 1404 3142 conteret

266 3184 434 3249 satanan.

314 3252 364 3352 15.
388 3283 457 3366 Quo
481 3287 575 3353 modo
598 3287 658 3353 hoe
690 3287 792 3371 possit
819 3286 966 3364 discerni,
997 3305 1057 3352 non
1085 3285 1226 3363 adncrto,
1254 3290 1301 3363 ut,
1330 3303 1402 3351 curn

217 3406 248 3452 an
265 3391 344 3457 dena
372 3393 458 3476 pacis
485 3392 645 3474 paternit
672 3391 790 3457 domini
819 3392 918 3458 nostri
948 3393 1021 3457 Iesu
1052 3390 1170 3458 Christi
1197 3408 1253 3456 nec
1280 3409 1342 3456 non
1371 3395 1403 3457 ot

265 3490 335 3579 ipse
350 3495 637 3564 Christus-dicit
650 3497 748 3563 enim:
761 3515 887 3579 pacem
903 3515 1020 3562 meam
1036 3496 1078 3562 do
1095 3495 1267 3573 nobis—,
1278 3497 1402 3563 dsMcl·

265 3601 432 3667 chisedech
447 3601 570 3668 dieatnr
583 3603 658 3685 quia
669 3621 722 3667 rex
731 3602 873 3667 institiae
882 3605 915 3667 ct
923 3603 1011 3684 pacis
1025 3606 1087 3686 estc
1098 3603 1288 3685 quaraticne
1302 3621 1402 3669 secer·

266 3712 369 3785 natur,
391 3726 451 3773 non
474 3708 623 3792 intellego
657 3711 734 3789 pato
754 3707 837 3773 enim
856 3707 936 3772 ninil
955 3706 1088 3785 differre,
1106 3711 1259 3791 quantnrn
1278 3708 1401 3775 adrem

265 3812 412 3895 pertinet,
433 3832 541 3897 regem
563 3813 650 3896 paeia
674 3832 693 3877 a
714 3812 771 3879 deo
795 3814 893 3896 pacis.
918 3812 992 3896 quia
1013 3813 1097 3878 eninr
1119 3813 1150 3878 in
1174 3813 1290 3880 mundo
1317 3815 1402 3897 quis·

216 3931 248 3977 as
266 3935 360 4000 quarn
384 3918 462 3984 dens
485 3918 547 3984 dici
570 3937 630 3984 non
655 3918 773 3998 debuit,
796 3922 833 3984 ιιι
855 3918 909 3984 nni
937 3918 1008 3998 soli,
1032 3937 1068 3984 cx
1094 3923 1261 4002 gnorunt
1286 3921 1400 3997 omnia,

264 4028 479 4090 reseruaretur
491 4024 550 4090 hoc
565 4043 687 4100 nomen,
702 4037 808 4109 regem
822 4027 926 4090 tamen
941 4025 995 4108 qni
1007 4024 1177 4109 imaginem
1192 4024 1260 4090 eius
1274 4024 1402 4091 haberet

264 4129 415 4205 institnit,
429 4128 484 4212 qni
499 4133 627 4212 excepto
642 4129 693 4195 dei
707 4133 832 4194 nomine
846 4148 969 4195 omnem
979 4134 1170 4214 potestatem
1184 4130 1253 4196 eins
1262 4129 1400 4196 haberet.

265 4231 322 4297 sed
345 4232 421 4316 qnia
442 4236 583 4299 terrenus
607 4237 666 4312 est,
690 4233 852 4299 hominurn
876 4253 928 4299 rer
951 4238 1010 4312 est,
1033 4253 1095 4300 non
1122 4238 1227 4301 tannen
1254 4235 1341 4320 pacis
1369 4240 1402 4301 et

264 4337 417 4418 iustitiae,
437 4339 510 4422 quia
528 4338 623 4404 etiarn
641 4339 710 4424 ipse
729 4339 842 4405 ducem
861 4339 956 4405 habet
973 4339 1141 4418 iustitiam,
1162 4358 1256 4423 qnam
1274 4359 1335 4406 non
1353 4341 1401 4406 illi

354 4511 433 4566 51³⁸.
452 4511 495 4578 84,
516 4512 557 4566 11.
577 4511 611 4565 12
699 4512 778 4567 71²1.
796 4513 840 4581 84,
861 4513 893 4568 la
969 4511 1199 4581 ieicoim
1272 4514 1304 4568 17
1323 4513 1399 4571 Rern.

267 4598 310 4667 1⁶,
327 4598 363 4653 20
446 4598 671 4666 211oh.14,2t
751 4599 786 4654 22
804 4600 838 4655 ei.
857 4599 938 4655 Hebr.
958 4601 1018 4664 7,2
1099 4599 1399 4664 toct.lcon.11,ac

264 4686 301 4741 28
320 4686 354 4742 ei.
373 4686 454 4741 Heba.
473 4688 535 4751 7,2

213 4794 222 4848 Γ
304 4792 403 4862 lpoet
424 4793 546 4848 institiae
568 4792 629 4847 edd.
653 4792 720 4848 odd.
738 4793 775 4847 eit
863 4794 1056 4850 snxxxml
1073 4794 1101 4850 P
1188 4794 1223 4851 10
1245 4799 1288 4848 est
1304 4809 1355 4849 cm.
1373 4795 1402 4848 P

268 4883 300 4937 ll
318 4880 463 4935 manifesta
478 4881 507 4934 P
582 4883 615 4936 14
633 4881 676 4937 dei
694 4898 746 4938 cae.
764 4883 825 4938 edd.
903 4885 935 4939 17
954 4888 1077 4940 conterat
1094 4885 1154 4940 cdd.
1232 4887 1267 4941 18
1285 4889 1399 4940 ratam

265 4968 365 5037 scripsi
382 4967 478 5022 sathan
495 4969 524 5022 P
539 4973 615 5024 satan
634 4968 694 5025 cdd.
767 4970 801 5026 19
819 4968 970 5028 discernere
992 4972 1053 5028 edd
1132 4973 1168 5028 22
1185 4989 1215 5028 ae
1233 4976 1356 5028 cernatur
1374 4973 1402 5028 P

265 5057 506 5125 idnonaenregern
516 5057 618 5126 umen]
629 5060 842 5114 tantamnornen
851 5076 942 5130 regern
956 5059 1016 5119 edd.
1053 5061 1087 5116 29
1098 5060 1180 5116 etiam
1190 5058 1260 5129 cdd]
1274 5063 1363 5116 tannen
1373 5059 1401 5114 P
