3275 6434
467 1459 554 1525 36
1263 1453 1463 1509 Liber
1496 1452 1957 1523 quaestionum

471 1652 573 1717 est
613 1649 693 1715 ab
739 1649 1042 1718 aduersis.
1090 1648 1247 1716 deus
1292 1649 1462 1716 enim
1507 1646 1687 1714 solua
1732 1646 1852 1720 est,
1900 1643 2011 1728 qui
2067 1642 2148 1708 de
2200 1642 2440 1713 futuris
2496 1642 2764 1710 iudicat.

470 1773 544 1822 ac
589 1773 702 1839 per
742 1755 865 1822 hoc
907 1755 1087 1822 Isaac
1131 1754 1366 1832 iustus,
1405 1753 1712 1837 quantum
1749 1749 1830 1814 ad
1863 1755 2258 1835 praesentem
2296 1749 2764 1817 humanitatem

472 1858 735 1946 dignum
781 1864 904 1938 est,
947 1859 1252 1926 maiorem
1297 1858 1501 1925 filium
1537 1875 1730 1923 suum
1773 1853 2278 1923 benedicendum
2320 1855 2533 1942 magis
2578 1857 2765 1940 puta-

471 1966 601 2033 bat.
643 1964 758 2032 sed
803 1963 983 2046 deus,
1029 1964 1144 2048 qui
1185 1963 1580 2031 occultorum
1625 1960 1916 2047 cognitor
1960 1964 2082 2040 est,
2127 1960 2435 2028 minorem
2471 1959 2766 2026 benedic-

473 2071 710 2139 tionem
738 2071 966 2138 mereri
991 2070 1292 2149 ostendit,
1320 2068 1484 2135 utin
1502 2067 1942 2134 benedict-ione
1962 2084 2082 2133 non
2103 2066 2379 2133 hominis
2399 2065 2769 2134 ostenderet
2827 2081 2856 2126 a

474 2195 616 2243 esse
651 2175 1050 2257 beneficium,
1086 2174 1199 2242 sed
1227 2174 1329 2242 dei
1357 2193 1522 2254 esse,
1553 2176 1619 2240 et
1643 2173 1795 2258 quia
1820 2171 2015 2239 officii
2043 2171 2322 2259 dignitas
2350 2175 2472 2252 est,
2501 2190 2627 2240 non
2653 2171 2767 2237 ho-

475 2282 666 2348 minis
683 2283 1003 2363 meritum,
1033 2300 1222 2366 quam
1243 2281 1342 2348 dei
1363 2279 1655 2363 sequitur
1678 2279 2057 2346 benedictio.
2086 2279 2357 2363 denique
2383 2278 2634 2345 dictum
2664 2280 2767 2344 est

477 2406 518 2453 a
548 2386 668 2454 deo
704 2388 770 2453 in
806 2385 1104 2454 Numeris
1141 2387 1220 2453 ad
1254 2387 1519 2471 Moysen
1556 2389 1624 2452 et
1651 2385 1860 2452 Aaron
1899 2384 2292 2451 sacerdotes:
2332 2401 2471 2450 uos
2508 2387 2767 2452 autem

481 2493 742 2576 ponite
776 2511 1038 2559 nomen
1075 2511 1313 2559 meum
1351 2510 1577 2576 snper
1608 2491 1827 2559 filios
1863 2490 2186 2565 Israhel:
2231 2507 2367 2575 ego
2405 2489 2765 2557 dominns

477 2596 909 2664 benedicam
955 2617 1103 2677 eos,
1150 2602 1224 2663 ut
1267 2598 1535 2683 gratiam
1581 2597 1839 2664 traditio
1879 2615 1993 2681 per
2024 2595 2451 2663 ministerium
2488 2595 2765 2663 ordinati
2802 2611 2850 2655 ιο

477 2703 882 2771 transfundat
950 2703 1315 2771 bominibus
1385 2721 1503 2770 nec
1570 2703 1870 2771 uoluntas
1939 2702 2287 2770 sacerdotis
2362 2703 2592 2771 obesae
2658 2705 2771 2768 aut

479 2807 780 2892 prodesse
821 2808 1051 2892 possit,
1097 2808 1210 2875 sed
1254 2807 1550 2874 meritum
1598 2807 2103 2874 benedictionem
2149 2808 2497 2891 poscentis.

569 2915 635 2979 2.
683 2911 935 2994 Quanta
969 2918 1182 2980 antem
1221 2913 1498 3000 dignitas
1527 2914 1616 2980 sit
1644 2913 1882 2979 ordinis
1911 2913 2341 2993 sacerdotalis,
2370 2913 2519 2980 hinc
2547 2914 2773 2981 aduer-

485 3020 719 3084 tamus.
765 3018 1008 3086 dictum
1053 3023 1157 3086 est
1199 3023 1413 3086 autem
1471 3019 1547 3085 de
1599 3019 1991 3103 nequissimo
2049 3017 2310 3104 caipha,
2362 3020 2771 3087 interfectore

485 3122 849 3201 saluatoris,
909 3123 1075 3190 inter
1135 3129 1375 3191 cetera:
1450 3125 1588 3191 hoc
1663 3129 1911 3190 autem
1977 3142 2016 3190 a
2080 3128 2320 3191 semet
2381 3125 2555 3212 ipso
2627 3145 2770 3193 non
2803 3141 2853 3186 n

488 3228 700 3307 dixit,
755 3227 885 3295 sed
931 3246 1094 3296 cum
1138 3234 1350 3297 esset
1393 3231 1746 3315 princeps
1793 3229 2275 3299 sacerdotum
2313 3233 2483 3298 anni
2524 3231 2771 3310 illius,

488 3332 934 3419 profetauit.
1014 3352 1128 3418 per
1190 3333 1360 3418 quod
1429 3334 1789 3401 ostenditur
1852 3335 2147 3419 spiritum
2223 3336 2573 3423 gratiarum
2646 3357 2771 3405 non

486 3458 818 3526 personam
866 3440 1048 3524 sequi
1097 3444 1210 3505 aut
1254 3440 1427 3526 digni
1473 3445 1586 3506 ant
1629 3441 1895 3532 indigni,
1934 3440 2049 3509 sed
2084 3443 2545 3511 ordinationem
2582 3443 2775 3510 tradi·

487 3545 703 3624 tionis,
760 3549 835 3612 ut
880 3546 1172 3629 quamuis
1219 3546 1453 3630 aliquis
1499 3545 1650 3612 boni
1697 3548 1906 3614 meriti
1960 3549 2067 3628 sit,
2122 3569 2243 3615 non
2298 3552 2512 3615 tamen
2566 3551 2777 3634 possit

487 3649 881 3731 benedicere,
909 3650 1033 3717 nisi
1059 3651 1251 3717 suerit
1282 3652 1628 3730 ordinatus,
1659 3655 1734 3716 nt
1769 3651 2049 3720 officium
2088 3652 2425 3721 ministerii
2462 3653 2775 3723 exhibeat.
2810 3670 2863 3715 ω

490 3755 595 3822 dei
641 3761 856 3823 autem
904 3759 1004 3823 est
1047 3757 1342 3823 effectum
1387 3757 1664 3824 tribuere
1708 3757 2194 3826 benedictionis.

492 3982 637 4049 XII.
685 3979 970 4062 QUARE
1015 3981 1432 4048 ABRAHAM
1480 3983 1710 4049 me
1765 3983 1979 4050 SUAE
2037 3983 2370 4052 SIGNUM
2427 3984 2782 4055 cmctm-

1207 4087 1613 4156 CISIONEM
1669 4088 2069 4157 ACCEPIT?

598 4233 653 4297 1.
704 4229 770 4295 Si
819 4230 983 4296 uelis
1031 4230 1379 4311 aduertere,
1428 4251 1550 4297 non
1595 4232 2011 4317 incongruum
2059 4233 2310 4299 uidebis
2367 4233 2537 4317 quod
2595 4238 2783 4317 putas

498 4335 821 4401 diuersum
871 4354 1012 4401 esse
1050 4356 1087 4400 a
1122 4338 1386 4404 ratione.
1432 4337 1691 4403 credens
1738 4339 1905 4403 enim
1942 4337 2143 4404 filium
2184 4356 2253 4404 se
2292 4339 2681 4419 habiturum,
2719 4340 2785 4405 in
2819 4358 2865 4403 ar

497 4458 624 4524 quo
672 4459 888 4507 omnes
934 4444 1158 4527 gentes
1212 4442 1734 4510 benedicerentur
1778 4446 1844 4509 et
1889 4464 1924 4508 a
1972 4464 2094 4528 quo
2150 4445 2640 4511 sanctimonium
2685 4463 2785 4511 ex·

501 4545 832 4612 ortandum
877 4551 1031 4626 erat,
1079 4548 1190 4613 illa
1234 4549 1295 4613 in
1343 4554 1519 4631 parte
1566 4550 1820 4634 signum
1869 4551 2136 4634 accepit,
2182 4569 2294 4635 per
2348 4569 2538 4634 qnam
2600 4569 2785 4636 gene·

681 4754 718 4808 4
755 4752 824 4807 cs.
861 4752 1001 4808 Dan.
1043 4754 1127 4821 18,
1163 4754 1236 4808 42
1343 4755 1378 4809 8
1413 4754 1576 4812 Num.
1611 4757 1665 4818 6,
1702 4756 1771 4811 27
1884 4757 1951 4810 15
1984 4755 2101 4828 Iob.
2143 4757 2229 4824 11,
2265 4758 2331 4812 51
2432 4758 2505 4813 22
2540 4759 2613 4815 cf.
2651 4759 2790 4816 Gen.

507 4841 592 4906 17,
634 4841 718 4896 10.
759 4842 842 4896 11.
880 4840 1033 4895 Rom.
1067 4843 1120 4909 4,
1162 4842 1222 4896 11
1337 4841 1407 4897 25
1444 4842 1513 4897 cf.
1549 4841 1686 4898 Gen.
1727 4843 1811 4913 18,
1850 4843 1918 4898 18

574 4963 611 5017 4
649 4966 736 5016 eat
772 4963 1025 5034 cognitor
1058 4963 1115 5018 P
1233 4964 1268 5018 6
1306 4979 1423 5018 ease
1461 4969 1520 5019 et
1552 4965 1765 5036 aer-ipsi,
1805 4970 1863 5022 et
1896 4965 1953 5022 P
1984 4972 2131 5022 esset
2165 4972 2261 5023 eut.
2395 4970 2432 5024 8
2469 4974 2649 5025 autem
2686 4985 2790 5028 σοι.

505 5047 728 5105 ΡΟΝΧ
851 5051 915 5104 11
952 5050 1304 5106 transfundat
1339 5052 1396 5122 (a
1430 5052 1531 5108 alt.
1566 5053 1631 5109 in
1663 5059 1802 5122 rae.)
1842 5054 1915 5110 Π
2037 5056 2103 5110 14
2141 5054 2208 5110 de
2245 5056 2602 5128 nequissimo]
2639 5056 2789 5112 deni·

507 5137 765 5206 quinimo
817 5137 923 5194 oF
1114 5140 1182 5194 17
1236 5140 1452 5210 profeta
1496 5141 1558 5196 N
1763 5143 1832 5197 19
1875 5158 2037 5213 quam
2082 5143 2241 5213 (aaa.
2284 5146 2383 5198 *Β
2425 5144 2511 5200 uis
2557 5145 2689 5215 AB)
2733 5145 2811 5218 X,

506 5225 578 5280 20
612 5223 982 5295 ministerii-(i
1018 5233 1203 5296 quart.
1240 5229 1303 5282 in
1336 5244 1451 5285 rae.
1485 5232 1602 5298 ¹⁸2)
1629 5231 1705 5285 M
1784 5230 1857 5284 22
1891 5232 2312 5287 circumcisionis
2342 5231 2511 5289 cm
2596 5233 2669 5290 28
2703 5250 2785 5290 ac·

509 5312 644 5385 cipit
684 5312 733 5367 0
834 5315 903 5369 24
941 5319 1189 5370 auertere
1225 5319 1388 5384 (corr.
1423 5320 1523 5372 *Β
1555 5319 1687 5384 ΑΒ)
1722 5318 1788 5372 X
1888 5318 1959 5375 25
1996 5318 2266 5376 diuersam
2310 5319 2360 5376 0
