3275 6434
487 1509 574 1576 82
1293 1507 1491 1564 Liber
1527 1508 1989 1579 quaestionum

485 1705 588 1767 est
636 1701 974 1786 promissio
1018 1701 1192 1768 facta
1235 1701 1336 1768 his
1382 1701 1490 1785 qui
1538 1701 1832 1768 mandata
1867 1701 2257 1769 custodiunt.
2307 1702 2525 1783 itaque
2582 1696 2781 1764 habes

488 1810 556 1874 et
619 1807 918 1874 mandata
973 1807 1276 1875 distincta
1336 1811 1402 1873 et
1462 1827 1799 1875 numerum
1859 1826 2079 1874 eornm
2146 1808 2659 1874 consummatum
2714 1808 2781 1868 et

490 1931 652 1996 quae
699 1918 766 1979 et
812 1921 1048 1998 quanta
1091 1914 1155 1980 in
1203 1914 1474 2001 singulis
1519 1914 1760 1980 tabulis
1808 1913 2044 1998 scripta
2088 1918 2256 1979 sunt.

596 2241 772 2310 VIII.
820 2242 934 2310 UT
979 2241 1188 2323 QUID
1232 2242 1566 2310 MOYSES
1603 2243 2156 2311 DESCENDENS
2203 2242 2315 2308 DE
2361 2240 2663 2308 MONTE·

485 2346 667 2416 CUM
750 2349 1109 2416 TABULIS
1190 2348 1548 2417 UULTUM
1631 2348 2175 2417 SPLENDIDUM
2260 2347 2586 2427 HABUIT
2667 2345 2776 2411 ΕΤ
2836 2359 2865 2404 e

1294 2453 1957 2521 INTOLERABILE'?

577 2597 631 2660 1.
659 2595 941 2680 Accepta
966 2599 1283 2680 potestate
1321 2595 1386 2660 in
1423 2598 1703 2680 peccatm
1718 2613 1787 2661 es
1825 2615 1970 2661 cum
1999 2593 2485 2661 honorificentia
2513 2593 2778 2660 descen-

484 2701 580 2767 dit
626 2700 701 2766 de
751 2704 966 2769 monte
1019 2702 1181 2768 facie
1227 2702 1526 2789 gloriosa.
1588 2702 1691 2768 lex
1735 2701 1899 2767 enim
1947 2704 2169 2768 contra
2210 2703 2580 2784 peccatores
2629 2698 2778 2765 data

482 2809 599 2873 est.
644 2799 904 2893 Moyses
952 2828 1100 2894 ergo
1149 2809 1297 2892 quia
1349 2828 1474 2875 non
1528 2813 1927 2893 peccauerat‚
1982 2806 2298 2892 gloriosus
2354 2804 2654 2890 apparuit
2708 2804 2770 2869 in

482 2917 732 2979 tantum
779 2917 855 2978 ut
899 2932 936 2979 a
979 2915 1419 2998 peccatoribus
1477 2914 1681 2981 uideri
1735 2933 1856 2980 non
1912 2916 2152 2999 posset.
2210 2917 2543 2980 ostensum
2600 2908 2768 2976 enim
2806 2919 2857 2965 ιο

478 3018 544 3085 in
595 3037 669 3086 eo
720 3024 839 3099 est,
887 3019 1041 3105 quia
1081 3024 1442 3105 peccatores
1488 3019 1755 3105 gloriam
1803 3019 1904 3086 dei
1948 3039 2069 3086 non
2109 3021 2430 3085 merentur
2465 3014 2773 3099 aspicere.

479 3128 632 3208 post
680 3124 1092 3192 simulacrum
1150 3125 1317 3191 enim
1362 3125 1554 3191 uituli
1597 3124 1816 3191 fusilis
1864 3129 1931 3192 et
1984 3123 2476 3192 confractionem
2523 3118 2773 3187 tabula·

478 3249 644 3309 rum,
689 3230 755 3297 in
811 3230 1044 3314 quibus
1100 3230 1246 3297 dats
1298 3231 1397 3297 lex
1449 3230 1677 3311 fuerat,
1724 3250 1947 3298 rursus
2004 3230 2351 3298 ascendens
2396 3227 2664 3313 Moyses
2708 3224 2774 3290 in

478 3340 760 3404 montem
810 3355 956 3404 cnm
1001 3336 1260 3416 tabulis,
1307 3337 1372 3404 in
1410 3338 1643 3420 quibus
1681 3341 1938 3422 accepta
1973 3338 2115 3423 lege
2153 3355 2300 3403 cum
2340 3332 2775 3408 descenderet,

479 3442 758 3529 gloriosa
820 3443 989 3509 facta
1042 3448 1144 3510 est
1205 3443 1402 3510 facies
1459 3443 1620 3522 eius,
1684 3446 1762 3508 ut
1818 3462 1940 3509 non
1993 3445 2257 3527 possent
2311 3440 2600 3525 aspicere
2655 3437 2772 3501 filii
2809 3448 2861 3496 u

475 3547 721 3614 Israhel
775 3549 1034 3615 uultum
1089 3549 1246 3631 eins,
1300 3569 1502 3633 neque
1566 3550 1796 3623 Aaron,
1852 3548 2004 3633 quia
2056 3548 2122 3614 et
2174 3547 2315 3633 ipse
2362 3548 2775 3632 peccauerim

479 3651 593 3720 sed
665 3653 1041 3739 interposito
1113 3655 1431 3721 uelamine
1502 3655 1884 3739 loquebatur
1944 3653 2024 3721 ad
2086 3652 2257 3732 illos,
2321 3653 2395 3717 ut
2458 3653 2596 3716 tam
2663 3647 2776 3713 diu

477 3758 722 3844 indigni
778 3762 996 3826 essent
1051 3758 1256 3843 gloria
1309 3758 1432 3836 dei,
1490 3778 1678 3842 quam
1736 3759 1845 3824 diu
1899 3759 1961 3824 in
2019 3758 2300 3843 peccatis
2356 3757 2761 3822 uerterentur

570 3865 628 3929 2.
649 3862 831 3931 Unde
860 3863 1018 3930 dicit
1043 3864 1406 3948 apostolus:
1437 3883 1609 3931 cum
1639 3883 2087 3931 conuersus
2115 3863 2379 3929 fuerit
2405 3859 2503 3926 ad
2531 3858 2777 3927 domi·

479 3990 684 4050 num,
730 3970 1150 4038 auferetur
1193 3971 1585 4049 uelamen,
1623 3976 1699 4037 ut
1734 3971 1895 4038 dono
1933 3969 2037 4036 dei
2073 3969 2276 4035 abluti
2322 3966 2506 4052 digni
2543 3963 2775 4031 fierent
2807 3973 2865 4020 ¹⁰

477 4075 800 4142 intendere
849 4075 1115 4161 gloriam
1164 4076 1283 4142 dei.
1340 4077 1404 4142 in
1460 4076 1883 4143 confractione
1936 4076 2106 4142 enim
2159 4074 2553 4150 tabularum,
2610 4087 2776 4155 quas

479 4185 623 4247 snte
707 4185 1056 4266 acceperat,
1129 4180 1504 4247 Iudaeorum
1577 4181 1883 4267 populum
1948 4180 2287 4266 reprobum
2353 4175 2777 4263 significauit,

475 4305 549 4352 eo
624 4285 793 4370 quod
858 4286 1137 4370 peccatis
1212 4286 1541 4353 studentes
1605 4287 2021 4372 promissione
2087 4286 2188 4353 dei
2254 4285 2506 4370 indigni
2573 4281 2780 4350 futuri

650 4595 685 4650 8
725 4595 792 4651 cf.
835 4595 926 4650 Ex.
968 4596 1055 4664 34,
1092 4594 1163 4650 29
1275 4595 1340 4649 17
1380 4595 1448 4651 cf.
1484 4593 1580 4654 Ex.
1619 4597 1707 4666 84,
1745 4597 1814 4652 88
1927 4596 1991 4651 19
2028 4596 2083 4651 11
2119 4595 2240 4651 Cor.
2279 4597 2333 4661 3,
2374 4597 2442 4650 16

542 4838 575 4893 3
615 4844 823 4908 quanta
859 4844 1016 4907 (corr.
1054 4855 1125 4893 n.
1162 4855 1264 4897 rec.
1304 4844 1457 4910 quot)
1493 4839 1558 4894 N
1720 4843 1757 4895 4
1804 4840 2057 4896 descedes
2092 4841 2169 4896 Π
2342 4840 2378 4896 6
2416 4839 2781 4895 intolerabile

467 4925 545 4995 N,
570 4926 734 4998 Gom,
754 4927 810 4980 B
906 4928 941 4982 9
977 4929 1288 4998 peccauerit
1319 4927 1396 4982 Η
1489 4927 1559 4983 10
1593 4933 1780 4999 posset
1814 4932 1973 4995 (corr.
2012 4930 2188 4999 poenit
2222 4929 2323 5000 [?])
2356 4928 2410 4983 0
2518 4928 2587 4984 11
2631 4927 2778 4998 aepi-

468 5031 590 5072 cere
636 5031 740 5071 on.
789 5015 919 5070 aad.
965 5031 1068 5086 ny.
1115 5014 1184 5069 N
1345 5016 1414 5071 12
1466 5014 1675 5071 familis
1728 5020 1909 5086 (eor-r.)
1960 5016 2009 5072 0
2165 5016 2547 5072 confractione
2594 5015 2784 5071 HGX

472 5104 539 5160 18
595 5101 727 5158 data
778 5102 887 5174 lex]
943 5103 1029 5159 lex
1076 5103 1205 5159 data
1250 5106 1434 5171 (corr.)
1475 5103 1544 5158 N
1678 5120 1861 5159 russas
1901 5104 1970 5159 N
2109 5106 2176 5161 18
2211 5105 2394 5175 gloria
2426 5103 2511 5159 Π
2538 5103 2777 5174 gloriam

467 5197 565 5248 cet.
747 5194 1095 5246 uerterentur
1135 5193 1276 5262 (ap.
1322 5195 1380 5246 te
1426 5199 1479 5249 et
1521 5207 1661 5248 corr.
1706 5195 1787 5259 ea)
1831 5193 1893 5248 N
2068 5195 2137 5249 19
2181 5194 2352 5249 fuerit
2396 5195 2525 5264 (uer
2567 5193 2671 5247 nn
2714 5207 2779 5246 en

465 5284 604 5346 m.)
642 5281 698 5334 B
877 5279 950 5334 20
995 5281 1309 5335 anferentur
1353 5279 1426 5335 Π
1633 5281 1719 5351 nt]
1769 5279 1838 5335 ad
1878 5280 1951 5336 Π
2120 5282 2189 5337 81
2239 5281 2682 5337 contractionem
2717 5278 2785 5336 N

465 5369 538 5424 22
574 5367 846 5437 acciperat
884 5366 992 5421 CX
