3275 6434
490 1502 792 1567 xxxull
1335 1499 1914 1567 Prolegomena.

489 1713 648 1773 mur,
696 1693 753 1760 si
800 1693 1004 1760 adbuc
1050 1693 1411 1759 existerent.
1434 1689 1484 1777 ¹)
1529 1710 1647 1758 nec
1693 1691 1896 1758 multo
1943 1691 2173 1758 melius
2219 1690 2505 1757 fecerunt
2550 1694 2771 1776 poste·

485 1800 680 1867 riores
726 1799 1024 1876 editores,
1069 1798 1250 1865 uelut
1283 1797 1556 1864 Maurini
1594 1797 1858 1886 (Sancti
1891 1798 2153 1863 Aurelio?
2186 1797 2552 1881 Augustini
2586 1797 2768 1882 Hip-

479 1906 794 1991 ponensis
863 1905 1140 1987 episcopi
1208 1925 1481 1990 operum
1551 1908 1706 1970 tom.
1772 1905 1866 1969 111
1926 1901 2152 1992 [Paris.
2221 1901 2436 1991 16801,
2502 1901 2772 1987 append.

486 2032 545 2096 p.
613 2012 923 2077 33—160
986 2037 1073 2069 =
1138 2011 1353 2096 Migne
1415 2011 1486 2076 P.
1543 2011 1613 2075 1..
1678 2009 1918 2075 XXXV
1972 2031 2030 2093 p.
2091 2008 2592 2094 2205—2416),
2660 2008 2770 2091 qui

494 2116 960 2195 Quaestionum
1004 2117 1235 2183 librum
1277 2116 1617 2202 Augustini
1661 2134 1885 2182 nomen
1934 2115 2337 2182 mentientem
2379 2116 2773 2199 putauerunt

484 2240 604 2288 sua
637 2241 786 2290 cura
822 2242 964 2291 esse
990 2222 1340 2309 indignum.
1377 2222 1690 2290 mentione
1726 2222 1957 2308 dignus
1994 2225 2096 2287 est
2126 2220 2438 2288 Iohannes
2472 2219 2771 2304 Baptista

486 2328 791 2396 Herelius
865 2329 1195 2414 presbyter
1263 2328 1862 2407 Autissiodorensis,
1944 2326 2074 2412 qui,
2149 2327 2273 2394 etsi
2344 2326 2766 2404 Quae-stiones

484 2452 607 2500 non
653 2434 873 2514 edidit,
920 2435 1132 2501 studio
1178 2433 1480 2501 acerrimo
1526 2452 1633 2499 eas
1679 2437 1755 2498 ut
1806 2433 1936 2499 fere
1982 2451 2199 2500 omnes
2246 2436 2457 2518 patres
2502 2431 2763 2498 Latinos

482 2538 756 2626 perlegit
799 2540 1184 2623 optimisque
1227 2538 1771 2606 emendationibus
1817 2538 2186 2605 inlustrauit
2226 2537 2335 2626 (cf.
2383 2558 2443 2623 p.
2483 2538 2637 2616 261,
2682 2540 2762 2603 15

481 2648 551 2712 et
589 2645 896 2712 Addenda
936 2645 1018 2712 ad
1059 2647 1221 2730 App.
1268 2665 1325 2729 p.
1372 2647 1521 2724 454,
1570 2642 1823 2729 464).¹)

574 2750 671 2817 De
732 2750 979 2817 huius
1041 2752 1370 2816 nostrae
1436 2748 1835 2816 editionis
1899 2748 2362 2815 rationibus
2416 2766 2625 2833 pauca
2668 2749 2759 2814 ui·

482 2855 710 2922 dentur
752 2853 1028 2923 dicenda.
1073 2859 1264 2941 atque
1309 2855 1583 2940 primum
1628 2855 1886 2939 quidem
1925 2854 2203 2921 breuiter
2236 2858 2517 2937 repetere
2537 2853 2758 2931 iuuat,

483 2980 644 3045 quae
671 2981 864 3046 supra
888 2962 1096 3029 fusius
1124 2959 1551 3046 exposuimus,
1578 2961 2005 3028 recensionem
2043 2961 2301 3027 alteram
2341 2959 2762 3039 Quaestebncs

487 3067 850 3135 CXXVII
867 3068 1286 3135 coutinentem
1325 3071 1400 3134 ut
1434 3068 1845 3152 posteriorem
1872 3067 1964 3133 ita
1990 3067 2394 3134 maturiorem
2431 3066 2759 3150 scriptoris

477 3173 680 3240 fetum
728 3192 870 3240 esse
914 3177 1105 3258 atque
1150 3192 1221 3239 ex
1269 3173 1440 3240 omni
1483 3176 1663 3258 parte
1710 3173 1863 3239 adeo
1907 3176 2225 3257 praestare
2259 3172 2472 3257 priori,
2511 3174 2591 3238 ut
2622 3171 2759 3238 iure

480 3278 776 3346 omnibus
821 3278 1213 3363 temporibus
1259 3277 1624 3364 principalis
1670 3278 1886 3344 habita
1928 3275 2223 3362 plurimis
2268 3277 2456 3343 etiam
2498 3280 2567 3343 et
2600 3276 2758 3342 anti·

479 3383 809 3467 quissimis
836 3383 1162 3451 codicibus
1191 3384 1281 3452 sit
1294 3384 1540 3450 tradita.
1557 3384 1774 3467 itaque
1801 3383 1962 3450 banc
1987 3383 2418 3450 recensionem
2439 3383 2757 3469 integram

480 3489 544 3555 in
589 3489 712 3556 hoc
755 3490 1078 3557 uolumine
1124 3493 1685 3574 repraesentamus,
1727 3489 1958 3572 prioris
1996 3494 2208 3556 autem
2244 3489 2483 3555 formae
2517 3506 2754 3554 memo·

478 3595 635 3661 riam
681 3596 774 3662 ita
815 3599 1064 3663 tantum
1112 3613 1462 3675 seruamus,
1509 3598 1583 3662 ut
1627 3594 1996 3679 appendicis
2050 3597 2191 3661 loco
2245 3596 2488 3661 textum
2536 3613 2755 3660 earum

479 3700 939 3784 quaestionum,
985 3718 1146 3784 quae
1189 3701 1255 3766 in
1298 3700 1460 3766 libro
1506 3698 1973 3778 Quaestionum
2016 3696 2374 3765 CXXVII
2399 3698 2754 3766 desideran-

477 3809 602 3885 tur,
648 3805 1073 3873 exhibeamus.
1118 3809 1320 3871 totam
1366 3807 1531 3871 enim
1579 3806 2006 3872 recensionem
2053 3805 2322 3889 priorem
2367 3805 2539 3889 typis
2587 3825 2757 3871 man-

479 3912 625 3978 dare
669 3912 776 3978 nix
821 3931 1043 3996 operae
1087 3912 1361 3997 pretium
1408 3912 1685 3990 uidetur,
1731 3912 2101 3997 praesertim
2149 3929 2293 3977 cum
2341 3910 2759 3996 grauissimae

477 4016 866 4084 differentiae
929 4018 1193 4085 duarum
1264 4019 1698 4085 recensionum
1757 4019 1819 4085 in
1877 4018 1969 4085 eis
2036 4017 2536 4101 quaestionibus,
2603 4035 2761 4100 qnae

476 4124 783 4190 ambabus
839 4143 1207 4191 communes
1264 4128 1433 4208 sunt,
1490 4126 1623 4191 sine
1682 4125 1814 4190 ulla
1868 4122 2246 4191 difficultate
2304 4141 2374 4188 ex
2429 4122 2545 4204 eis,
2597 4141 2759 4206 quae

475 4248 669 4314 supra
712 4228 789 4295 de
836 4231 952 4296 hac
988 4250 1056 4296 re
1093 4218 1520 4313 exposuimus,
1561 4235 1627 4297 et
1665 4250 1735 4297 ex
1774 4231 1941 4305 notis
1978 4229 2275 4297 editionis
2312 4227 2759 4294 Benedictinae

474 4337 581 4402 uel
626 4336 818 4401 etiam
864 4335 1222 4421 Mignianae
1268 4334 1515 4418 possint
1570 4336 1883 4420 cognosci.
1931 4373 2017 4383 —
2065 4337 2135 4400 In
2195 4336 2434 4401 rebus
2492 4334 2760 4399 ortho-

563 4508 606 4576 ¹)
651 4507 788 4563 Post
832 4511 1042 4578 quaest.
1095 4507 1168 4562 84
1212 4508 1513 4579 interponit
1555 4510 1925 4578 quaestionem
1982 4510 2180 4580 partim
2235 4509 2485 4565 uersibus
2539 4512 2755 4581 poetice

470 4597 746 4667 scriptam,
792 4612 929 4668 quae
977 4596 1032 4650 in
1080 4596 1228 4651 nullo
1273 4596 1515 4651 codicum
1562 4613 1801 4653 meorum
1847 4597 2083 4652 traditur
2138 4601 2196 4652 et
2248 4601 2395 4653 certe
2444 4600 2585 4654 alius
2636 4617 2762 4656 auc·

471 4684 607 4739 toris
651 4688 753 4752 est,
797 4684 898 4740 bac
944 4683 1389 4740 adnotatiuncula
1434 4687 1487 4740 in
1534 4686 1778 4756 margine
1813 4685 2026 4741 addita:
2075 4685 2496 4757 ‘quaestiuncula
2534 4689 2660 4743 alia
2695 4688 2760 4744 de

459 4772 757 4841 pasduzte:
789 4790 893 4842 quc
926 4773 1062 4843 φαίη
1098 4774 1160 4828 s'n
1186 4774 1387 4842 paucis
1414 4774 1692 4829 codicibus
1716 4774 1999 4843 reperitur,
2030 4775 2217 4830 ceter-is
2244 4783 2621 4831 annumoeuta
2648 4793 2760 4830 non

469 4861 581 4915 Μ’.
619 4858 763 4916 banc
797 4861 910 4916 alto
948 4861 1166 4916 silentio
1203 4860 1500 4917 obruerunt
1537 4862 1704 4916 ceteri
1743 4861 1994 4918 editores.

558 4946 601 5015 ²)
652 4949 1027 5005 Dinmation
1079 4965 1178 5004 sur
1231 4950 1280 5004 le
1331 4951 1591 5009 νέηῖαὺῖο
1645 4951 1862 5006 Autem
1913 4951 2004 5006 des
2052 4951 2478 5011 &ammaim
2532 4971 2634 5009 sur
2688 4955 2760 5009 les

467 5037 692 5107 Dptoees
725 5036 793 5092 de
828 5036 886 5091 S,
914 5037 1067 5092 Paul
1092 5037 1435 5105 faune-sent
1460 5039 1725 5094 acts-ibsaes
1753 5040 1791 5093 ὰ
1818 5038 1877 5094 S.
1906 5040 2188 5095 Ambros'sc
2216 5045 2320 5095 etc.
2348 5041 2531 5110 (Paris
2574 5044 2755 5110 1762):

471 5125 718 5181 libellum
756 5125 900 5182 bunc
935 5126 1264 5181 rarissimum
1301 5126 1414 5182 fare
1448 5131 1626 5182 totum
1656 5129 1710 5182 in
1738 5144 1915 5183 meum
1951 5144 2102 5183 usum
2140 5130 2424 5201 exscripsit
2458 5131 2758 5203 discipulus

469 5213 598 5269 olim
644 5231 795 5269 meus
843 5214 904 5268 R.
943 5214 1004 5268 11·
1042 5214 1109 5269 G.
1153 5215 1372 5270 Ritcbie
1429 5215 1617 5271 doctor
1663 5216 1997 5273 Parisiensis.
2052 5218 2334 5274 Elementa
2387 5219 2455 5275 de
2506 5221 2752 5288 critique

468 5303 622 5358 Paris
663 5302 801 5358 17⁶6
838 5326 906 5350 =
943 5302 1146 5372 ligne,
1183 5303 1483 5373 Eaeyclop.
1530 5304 1718 5360 ΤΙιέοΙ.
1756 5305 1783 5360 1
1823 5321 1922 5360 ser.
1961 5310 2000 5363 t.
2038 5306 2109 5361 50
2144 5305 2320 5377 [Paris
2362 5307 2569 5378 18461),
2606 5324 2743 5379 opus

467 5390 623 5462 (nulli
659 5393 872 5461 patrum
907 5391 1221 5447 Latinorum
1260 5390 1503 5448 studioso
1538 5393 1951 5464 neglegendum.
