3275 6434
663 1406 738 1481 Gap.
757 1406 952 1465 Lxx-LXXI
969 1410 996 1466 2.
1332 1417 1396 1481 123

256 1606 311 1674 tur,
330 1599 371 1666 au
389 1600 641 1686 intellegentiam
657 1600 804 1678 refertum
824 1602 917 1671 niano
935 1606 986 1671 eat
999 1605 1082 1671 enim
1097 1606 1189 1671 uelut
1202 1605 1233 1670 iu
1248 1605 1397 1691 imagine.

255 1708 352 1773 ueluti
369 1726 441 1782 noa,
460 1726 533 1773 oum
556 1707 763 1792 imperatores
787 1710 977 1790 nesciamus,
996 1710 1142 1776 uidemus
1161 1729 1216 1778 eoa
1235 1711 1266 1777 in
1285 1711 1398 1797 figura,

257 1832 310 1880 aon
334 1813 366 1878 in
389 1813 539 1891 ueritate,
567 1815 668 1881 itaet
691 1815 770 1881 deus
793 1815 885 1881 uisus
908 1817 970 1894 est,
992 1820 1030 1881 nt
1051 1815 1292 1901 intellegeretur
1318 1819 1397 1884 dena

257 1919 401 2003 assequi
424 1920 871 2005 apparebatperrationem
900 1940 962 1987 uon
989 1941 1046 2004 per
1073 1922 1296 2001 substantiam,
1324 1925 1399 2006 quia

237 2027 284 2091 oin
305 2030 419 2092 natura
442 2045 502 2092 aaa
525 2026 626 2094 uideri
650 2027 728 2093 deus
751 2046 812 2093 non
836 2031 952 2113 potest
977 2032 1010 2092 et
1032 2031 1070 2093 ut
1087 2028 1195 2095 uerius
1214 2030 1396 2115 propositae

259 2133 452 2216 quaestionis
477 2137 599 2200 aeoreta
628 2133 813 2219 pandamus,
842 2153 973 2200 sensum
1003 2135 1218 2222 euangelistae
1245 2136 1398 2222 explicare

259 2241 403 2306 nitamur.
425 2238 584 2306 lohannes
607 2240 690 2306 enim
709 2239 871 2306 oooultum
890 2239 1011 2324 aliquid
1029 2241 1161 2326 prodere
1179 2242 1294 2322 uoluit,
1313 2242 1398 2327 quod

260 2345 350 2413 soiuit
363 2343 405 2412 ad
422 2345 593 2413 salutarem
612 2346 786 2413 doctrinam
806 2347 973 2432 pertinere.
991 2346 1125 2413 ideireo:
1146 2348 1265 2428 deum,
1284 2349 1399 2433 inquit,

260 2470 358 2519 namo
382 2452 484 2520 uiuit
507 2471 691 2536 umquam,
715 2452 789 2518 nisi
811 2452 1034 2537 unigenitus
1058 2453 1179 2532 filius,
1198 2454 1262 2538 qui
1281 2458 1343 2520 est
1360 2454 1397 2520 in

233 2559 338 2625 usim
362 2559 496 2644 patria.
519 2561 601 2643 ipse
625 2559 830 2625 enarrauit.

299 2666 332 2729 2.
364 2663 662 2731 animanuemmms
695 2681 824 2730 sensum
853 2663 1078 2749 euangelistae.
1112 2664 1259 2731 atenim
1287 2683 1398 2731 uerum

264 2789 337 2850 ease,
362 2771 439 2855 quia
460 2789 553 2836 nemo
577 2770 661 2836 uidit
688 2770 781 2836 deum
810 2788 972 2853 nmquam,
1001 2770 1190 2848 ostenderet,
1214 2770 1315 2836 filium
1339 2771 1399 2836 hoo

264 2895 419 2944 eranasae
452 2878 555 2956 donet,
589 2895 684 2961 quem
716 2875 784 2941 falli
816 2876 927 2959 ntique
959 2875 1144 2961 inpossibile
1176 2876 1337 2960 estquis
1368 2877 1398 2941 in

264 2983 328 3048 aiau
352 2983 454 3066 patria
478 2985 537 3048 est.
562 2982 652 3048 sinus
675 2985 781 3048 autem
804 2981 905 3065 patria
928 2982 1004 3066 quid
1027 2985 1087 3060 est,
1115 2981 1177 3048 nisi
1201 2981 1345 3048 adtentus
1368 2981 1398 3047 iu

234 3090 390 3156 ueritate
413 3088 482 3155 ueri
505 3088 604 3172 patria
627 3107 684 3173 per
705 3092 835 3154 naturae
861 3088 1011 3154 unitatem
1034 3087 1066 3154 in
1089 3087 1213 3154 filium?
1240 3106 1336 3171 quam
1359 3090 1400 3153 ob

265 3214 323 3260 rem
350 3213 444 3260 nemo
472 3193 557 3260 uidit
582 3193 688 3272 deum,
715 3193 778 3260 nisi
804 3194 919 3261 uniens
945 3192 1041 3259 flliua.
1067 3193 1128 3260 hoo
1150 3193 1304 3260 Iohannes
1326 3212 1401 3277 apo·

265 3301 361 3367 stolus
398 3299 501 3367 fllium
538 3299 589 3367 dei
626 3299 751 3366 audiuit
785 3300 944 3366 dicentem
980 3300 1063 3366 inter
1098 3299 1175 3365 alia:
1211 3317 1280 3364 nou
1313 3299 1401 3381 qnia

266 3411 401 3489 patrem
426 3407 526 3473 uidit
548 3407 759 3491 qnisquam,
787 3407 867 3474 nisi
895 3407 958 3489 qui
986 3410 1047 3472 eat
1070 3405 1190 3484 adeo,
1217 3405 1277 3470 hio
1299 3403 1401 3470 uidit

265 3518 414 3594 patrem.
447 3516 484 3578 ut
515 3531 590 3599 ergo
618 3513 657 3578 ad
686 3512 978 3580 condemnationem
1006 3512 1173 3598 proflueret
1198 3512 1399 3588 Iudaeorum,

236 3620 313 3704 ”qui
334 3617 500 3687 Christum
524 3619 577 3685 dei
600 3617 703 3685 fitium
725 3618 834 3685 audire
852 3611 1003 3686 nolebant
1023 3620 1077 3684 uel
1100 3617 1237 3698 credere,
1260 3615 1402 3684 ostendit

265 3725 459 3812 euangelista
486 3724 570 3792 huno
596 3744 667 3792 esse
695 3725 858 3793 Christum
885 3725 940 3810 qui
967 3725 1110 3807 patribus
1138 3723 1338 3808 apparuisset
1367 3723 1400 3788 in

265 3833 369 3910 teum3
392 3832 487 3898 illum
510 3836 616 3900 autem
635 3831 691 3915 qni
709 3835 799 3916 pater
817 3834 877 3911 est,
895 3849 1067 3914 numquam
1087 3829 1189 3896 uideri
1206 3830 1269 3896 nisi
1287 3848 1306 3895 a
1325 3827 1400 3895 tilio.

266 3936 384 4022 quando
412 3939 497 4005 anim
524 3938 618 4004 deam
646 3941 768 4024 patrem
790 3941 888 4023 nogat
914 3937 1021 4003 uisum
1044 3927 1078 4002 et
1099 3936 1194 4002 deum
1215 3934 1401 4019 apparuisse

266 4046 405 4129 patribus
433 4044 608 4130 profitetur,
636 4045 840 4112 manifestare
868 4061 903 4111 ae
929 4043 1002 4110 uult
1024 4043 1076 4111 dei
1104 4042 1201 4122 filino,
1229 4040 1304 4125 quia
1331 4040 1401 4125 ipse

237 4161 385 4236 “semper
411 4151 444 4217 in
472 4149 567 4217 doum
595 4150 685 4217 nisus
713 4169 732 4215 a
760 4149 906 4235 patribus
937 4152 995 4216 est
1026 4148 1099 4215 hino
1129 4151 1179 4213 est
1210 4145 1292 4212 unde
1320 4146 1402 4212 inter

268 4263 366 4325 cetera
387 4257 470 4324 dicit
490 4256 618 4325 ludaeis
641 4257 680 4324 de
703 4261 806 4342 patre:
831 4274 950 4339 neque
976 4274 1105 4321 nonem
1127 4252 1211 4320 eins
1234 4250 1400 4318 audistis

269 4362 465 4447 aliquando
496 4380 616 4445 neque
648 4362 812 4446 figuram
844 4361 927 4427 eins
960 4358 1128 4426 uidistis.
1161 4375 1236 4424 ecoe
1262 4375 1324 4422 non
1352 4361 1403 4422 eat

270 4468 452 4534 eontrarium
475 4472 508 4534 et
529 4467 635 4533 nisum
660 4471 693 4532 et
710 4466 852 4531 inuisum
875 4483 946 4532 esse
969 4465 1073 4530 deam.

351 4691 443 4749 alon.
464 4693 489 4759 1,
509 4689 543 4745 18
598 4690 631 4746 17
649 4688 708 4745 lon.
726 4691 752 4754 6,
769 4690 806 4745 46
859 4688 895 4744 20
909 4688 973 4744 ron.
993 4691 1018 4756 5,
1037 4686 1072 4743 87

209 4821 247 4880 ιΡθ
307 4833 477 4904 Ιίιιιιςίιιοιιι
495 4833 534 4888 u
551 4831 651 4900 (eom),
664 4831 693 4886 B
726 4833 744 4886 4
762 4847 811 4902 por
828 4829 972 4899 rationem]
990 4827 1196 4899 imperationem
1213 4824 1238 4881 G
1270 4825 1402 4881 'liobsu-

273 4920 353 4976 ἰἰιθ
388 4922 422 4978 10
439 4921 578 4979 onambit
594 4912 650 4976 ΡΑ
686 4921 721 4975 14
738 4923 781 4974 est
799 4918 862 4990 att]
882 4920 925 4973 014
943 4920 982 4984 (st
998 4917 1031 4973 t'n
1047 4921 1116 4982 m.)
1136 4914 1162 4971 G
1201 4915 1235 4970 16
1253 4914 1360 4970 tubunis
1381 4914 1405 4968 0

283 5007 390 5064 iohannis
407 5009 439 5065 N
489 5010 524 5065 24
542 5008 682 5080 apatribus
703 5005 728 5062 G
795 5006 975 5078 prophetetur
994 5003 1050 5062 GN
1063 5002 1217 5074 proteratur
1233 5001 1264 5056 F
