3275 6434
489 1602 613 1666 140
1292 1597 1490 1652 Liber
1526 1597 1991 1667 quaestionum

606 1791 947 1857 LXXXIII.
995 1790 1070 1856 SI
1117 1790 1276 1856 PER
1326 1789 1756 1858 cnms'ruu
1808 1792 2067 1858 SAL&
2113 1792 2217 1855 ΕΤ
2263 1792 2484 1858 UEBA
2534 1794 2638 1858 ΕΤ

481 1895 910 1962 PERFEC'PA
956 1895 1381 1972 COGN1'1’1Q
1439 1894 1604 1962 CUR
1658 1895 1833 1962 NON
1888 1894 2109 1961 ANTE
2167 1897 2336 1962 UE'N
2344 1897 2441 1965 1'1’.
2501 1898 2610 1964 UT
2658 1899 2764 1964 ΕΤ

478 2000 1003 2067 ΑΝΤΕΒῙΟΒΕΞ
1049 1999 1372 2076 NOSTRI.
1439 1997 1583 2080 QUI
1628 2000 1717 2066 IN
1765 1999 2287 2068 IGNORANTIA
2342 2001 2762 2079 FUERUNT.

480 2106 1066 2173 ADDISCERRNT
1099 2107 1625 2173 UERITATBM?
1649 2105 2019 2187 DENIQUE
2049 2105 2259 2172 POST
2285 2108 2764 2176 ADUENTUM

478 2211 815 2279 CHRISTI
874 2213 1140 2278 MULTI
1195 2212 1412 2279 SUNT
1468 2211 1821 2279 SALUATl
1878 2212 2144 2279 MAGIS
2199 2211 2442 2292 QUAM
2489 2213 2761 2281 PRIUS.
2818 2237 2846 2280 s

488 2317 737 2394 UNDE.
793 2318 869 2384 Sl
926 2317 1145 2383 ANTE
1202 2316 1627 2394 UENJSSET,
1686 2317 1972 2385 MULTO
2032 2317 2345 2386 PLURES
2402 2318 2763 2385 SALUATI

483 2424 907 2491 FCISSENT.
958 2426 1033 2491 Sl
1081 2423 1304 2490 ERGo
1351 2423 1492 2489 ITA
1537 2422 1711 2490 EST.
1766 2423 2481 2492 REPREHENSIBILE
2528 2424 2762 2491 UIDE·

576 2673 630 2736 1.
677 2671 851 2737 Nulli
897 2669 1389 2737 misericordiam
1446 2669 1701 2735 facienti
1757 2669 2135 2735 calumniam
2182 2670 2313 2736 fieri
2374 2675 2641 2755 oportet.
2694 2671 2759 2737 in

480 2782 797 2861 potestate
843 2777 1007 2842 enim
1055 2776 1259 2841 dantis
1301 2780 1418 2853 est,
1468 2776 1715 2860 quando
1754 2776 1858 2841 nel
1896 2778 2202 2858 quantum
2249 2777 2409 2842 uelit
2453 2776 2760 2843 misereri.
2795 2787 2846 2833 1⁰

477 2883 898 2948 exhortandus
956 2886 1055 2947 est
1110 2882 1271 2946 enim
1328 2881 1520 2946 huius
1585 2879 1755 2946 modi
1822 2885 1886 2946 et
1946 2881 2239 2964 precibus
2302 2881 2760 2966 prouocandus.

482 3006 602 3053 non
652 2989 1047 3055 contentione
1094 3008 1130 3052 a
1174 2987 1338 3052 bono
1395 3004 1581 3070 opere
1637 2986 2049 3051 reuocandus.
2115 2987 2274 3052 forte
2337 3007 2456 3054 non
2513 2990 2761 3053 contru-

480 3094 813 3162 diceretur.
863 3094 915 3158 si
963 3113 1071 3176 pro
1118 3093 1235 3157 huc
1281 3091 1710 3158 misericordia
1754 3093 1928 3158 uices
1974 3093 2072 3157 illi
2119 3093 2328 3176 aliqua
2373 3091 2760 3158 redderetur.

481 3200 712 3283 aliquis
759 3199 1071 3264 medicum
1123 3202 1364 3283 urgunt,
1400 3199 1510 3281 qui
1548 3198 2008 3264 medicamenta
2054 3218 2171 3263 sua
2206 3203 2273 3264 et
2307 3199 2585 3265 officium
2625 3217 2764 3283 gru·

482 3305 570 3370 tis
625 3305 938 3386 inpendet,
997 3308 1108 3368 ant
1164 3303 1565 3369 accusabitur
1617 3303 1881 3368 tarditas
1939 3304 2075 3369 eius
2132 3304 2208 3368 ab
2266 3305 2379 3381 eis,
2437 3324 2471 3368 a
2530 3304 2762 3387 quibus
2800 3316 2851 3360 ¹⁸

484 3429 604 3476 non
653 3417 752 3475 est
797 3409 1184 3492 requisitus?

573 3518 632 3580 2.
677 3515 852 3580 Haec
889 3513 1141 3597 quidem
1189 3513 1460 3577 diximus
1505 3512 1849 3578 secundum
1902 3514 2226 3591 rationem.
2275 3513 2387 3578 sed
2422 3514 2764 3579 saluatoris

483 3621 735 3687 bonitas
817 3621 939 3686 ista
1021 3638 1138 3685 non
1222 3623 1402 3686 curat
1489 3621 1745 3702 propter
1833 3617 2308 3684 inbecillitatem
2390 3619 2761 3693 humanum

484 3747 665 3793 suam
729 3727 893 3792 enim
959 3726 1248 3809 seqnitur
1318 3728 1602 3790 naturam
1676 3725 1752 3788 ad
1826 3722 2170 3789 faciendum
2245 3724 2764 3790 misericordiam.

481 3833 719 3899 idcirco
792 3837 939 3898 tunc
1011 3833 1204 3909 uenit,
1264 3830 1509 3914 qnando
1582 3828 1806 3896 debuit
1875 3829 2109 3907 uenire.
2182 3829 2535 3895 uoluntatis
2609 3844 2850 3894 sunem

485 3940 788 4006 rationem
855 3944 1133 4003 secutus.
1201 3955 1319 4001 non
1375 3937 1743 4001 meritorum
1798 3940 2174 4001 nostrorum.
2233 3954 2376 3999 unm
2431 3936 2488 4000 si
2535 3935 2764 4000 merita

483 4044 852 4128 perpendas,
914 4043 1129 4107 uenire
1194 4062 1312 4107 non
1379 4042 1615 4108 debuit.
1683 4042 1859 4107 uenit
1923 4060 2068 4125 ergo
2152 4040 2398 4123 qnando
2474 4047 2540 4105 et
2612 4040 2763 4106 sub-

485 4151 685 4215 ueniri
744 4149 966 4214 debere
1021 4147 1215 4214 sciuit
1267 4152 1332 4212 et
1384 4147 1670 4212 futurum
1730 4150 1981 4232 gratnm
2040 4145 2431 4211 beneficium.
2488 4146 2543 4211 si
2591 4146 2759 4211 enirn

483 4259 543 4321 ei
590 4257 690 4321 cui
737 4255 1080 4321 necessitas
1131 4254 1395 4319 inminet
1451 4259 1592 4319 unte
1650 4253 2083 4327 subueniatur.
2140 4253 2261 4317 erit
2314 4253 2567 4335 quidem
2624 4271 2762 4336 gra·

483 4369 641 4439 tum,
687 4382 806 4427 non
852 4367 1060 4426 tamen
1107 4359 1292 4424 ualde
1338 4360 1571 4442 poterit
1615 4361 1775 4424 scire
1813 4359 1964 4443 quid
2011 4358 2131 4423 sibi
2189 4358 2564 4442 praestitum
2630 4362 2758 4432 est;
2795 4376 2849 4419 a

487 4469 538 4532 si
615 4473 823 4533 antem
900 4468 960 4532 in
1036 4467 1173 4549 ipsa
1249 4467 1620 4531 necessitate
1696 4467 1903 4549 posito
1979 4464 2282 4528 auxilium
2346 4464 2531 4542 feras,
2600 4464 2764 4529 sciet

301 4766 416 4833 Ars.
441 4765 489 4816 1¹
562 4765 584 4816 1
630 4780 825 4817 uenere
867 4765 1051 4823 «coi-r.)
1089 4761 1160 4815 M
1333 4761 1368 4812 2
1415 4767 1476 4815 ut
1519 4777 1658 4815 eras.
1703 4764 1748 4812 (.-'
1922 4764 1976 4813 et
2024 4775 2126 4812 oin.
2163 4760 2223 4814 X
2398 4760 2432 4813 3
2469 4760 2523 4812 in
2562 4774 2666 4814 σοι.
2708 4763 2759 4813 Δ

484 4852 639 4920 (add.
681 4859 808 4921 maey.
847 4851 900 4904 Β
1025 4854 1058 4900 5.
1095 4849 1292 4904 saluati
1331 4855 1458 4903 sunt
1499 4849 1659 4904 CNx
1792 4851 1825 4902 6
1863 4855 1920 4902 et
1957 4853 2085 4901 ante
2120 4848 2167 4901 si
2204 4846 2334 4901 add.
2372 4846 2435 4901 N
2573 4847 2642 4916 si!
2682 4849 2760 4901 sci

482 4941 557 4995 J!
695 4941 972 4993 uenissent
1008 4940 1128 4993 «alt.
1165 4955 1198 4991 n
1235 4953 1397 5001 erae.)
1437 4937 1503 4991 N
1620 4939 1655 4992 9
1693 4937 1897 4992 saciant
1930 4941 2087 5001 (corr.
2128 4935 2371 5003 facienti)
2411 4938 2457 4990 C
2599 4952 2760 5006 opor·

483 5036 599 5083 tcrc
635 5028 811 5095 codd„
848 5046 921 5080 me
962 5032 1234 5097 oporteret
1277 5026 1663 5080 scribendum?
1842 5025 1910 5078 10
1955 5025 2117 5094 enim]
2166 5030 2249 5078 est
2294 5028 2480 5089 (eras.)
2527 5024 2673 5079 enirn
2717 5024 2766 5078 C

487 5117 644 5171 uellit
683 5115 789 5170 GN
823 5128 985 5169 ceras.
1015 5131 1104 5183 pr.
1143 5114 1199 5181 1),
1240 5113 1347 5167 FG
1531 5115 1589 5167 ll
1633 5111 1929 5167 exorandus
1970 5112 2076 5165 ΘΑ
2274 5109 2432 5166 inodo
2469 5115 2656 5177 (corr.)
2692 5112 2768 5165 M

491 5206 555 5259 12
593 5203 991 5260 contradicetur
1027 5204 1086 5257 X
1239 5203 1304 5257 13
1340 5201 1709 5256 misericordia
1746 5200 1848 5255 hac
1888 5198 1992 5254 GA
2155 5200 2226 5253 22
2259 5198 2563 5270 perpendat
2600 5199 2761 5264 (add.

485 5297 576 5346 mat
615 5292 687 5363 12³]
721 5310 762 5347 e.
804 5292 838 5345 1.
876 5291 1002 5353 den)
1042 5291 1112 5344 M
1145 5287 1445 5360 perpendat
1480 5287 1549 5342 Ν
1716 5287 2006 5342 subuenire
2044 5288 2103 5340 A·
2252 5287 2322 5342 28
2360 5291 2574 5357 gratum
2612 5286 2760 5342 futu-

486 5396 601 5433 rum
644 5379 807 5439 GNX
948 5379 1108 5448 enim]
1147 5384 1326 5432 nutem
1363 5375 1431 5429 Ν
1564 5377 1631 5429 24
1672 5376 1723 5429 ci
1760 5376 1847 5430 cui
1882 5390 1984 5429 om.
2028 5374 2083 5427 Χ
2232 5375 2464 5428 imminit
2502 5374 2568 5428 Ν
2598 5378 2759 5442 (corr.

485 5485 554 5520 m.
591 5470 731 5534 reta).
769 5468 876 5521 FB
1018 5468 1086 5520 25.
1124 5467 1246 5520 sciri
1288 5465 1392 5518 ΘΑ
1538 5465 1882 5533 prestitutum
1922 5461 1994 5516 M
