3275 6434
238 767 303 830 224
631 763 729 817 Liber
748 764 977 831 quaestionum

238 959 320 1021 enim
344 977 429 1021 ruere
449 958 555 1039 accipe
575 957 743 1021 antistites.
767 956 918 1038 numquid
938 957 965 1019 si
984 959 1084 1021 malae
1103 958 1189 1020 uitae
1213 957 1258 1019 sit
1280 955 1371 1019 aduo-

237 1070 340 1141 eatus,
363 1067 472 1128 eontra
494 1069 678 1146 susceptum
701 1063 769 1126 eius
792 1062 1064 1145 pronuntiabitur?
1088 1063 1147 1127 troc
1166 1065 1217 1127 est
1234 1061 1373 1127 efficium

237 1169 394 1248 aduncati,
429 1172 467 1233 ιιι
502 1165 676 1235 seeundum
706 1166 785 1233 iuria
816 1166 956 1234 ordinem
987 1169 1129 1252 suseepti
1160 1167 1211 1233 sui
1245 1183 1373 1232 eausam

236 1277 373 1360 peroret:
397 1272 552 1358 numquid
569 1272 686 1359 peterit
701 1273 772 1338 uite
788 1271 869 1352 eius,
884 1272 912 1338 si
928 1273 1030 1356 turpis
1048 1277 1109 1352 est,
1128 1272 1243 1339 obesse
1260 1288 1375 1338 musae

237 1380 544 1464 sueapneperaone
556 1379 639 1446 enim
652 1378 797 1446 aduneati
811 1397 868 1446 nee
886 1379 999 1446 ehem
1012 1397 1070 1446 nee
1082 1376 1375 1463 proeessepotena

237 1486 341 1571 qualis
363 1486 447 1551 enim
471 1485 566 1552 tuerit
593 1504 698 1563 eausa,
722 1485 769 1552 sie
791 1487 823 1551 et
845 1484 1087 1568 respondebitur
1108 1483 1148 1550 ei
1174 1483 1223 1550 sie
1245 1485 1324 1549 suut
1345 1483 1379 1547 et

238 1592 293 1676 qui
319 1592 435 1658 uolunt
459 1591 526 1656 fleri
553 1589 734 1658 Christiani.
756 1590 913 1657 accedunt
933 1588 974 1656 ad
995 1589 1183 1668 antistitem,
1208 1589 1324 1657 dieunt
1348 1585 1379 1652 ei

238 1700 313 1762 ueta
337 1713 404 1772 sua,
428 1697 482 1762 ille
499 1697 586 1762 'feeit
603 1695 703 1762 uerba
723 1696 801 1762 iuris
821 1695 1038 1762 ecelesiastici.
1056 1695 1085 1762 si
1102 1713 1178 1761 uera
1195 1699 1274 1771 ueta
1292 1697 1378 1771 sunt,

237 1802 457 1886 suscipiuntur
478 1800 630 1868 aindiee.
649 1801 690 1867 in.
704 1820 766 1884 que
784 1800 839 1866 ille
858 1807 913 1867 aut
931 1801 1044 1869 obesse
1061 1801 1180 1885 peterit
1201 1802 1260 1866 aut
1280 1799 1378 1885 prede

237 1925 319 1985 esse,
348 1909 464 1992 quippe
491 1926 564 1974 eum
590 1917 647 1974 nee
670 1926 798 1975 eausam
826 1908 967 1990 suseepti
993 1906 1045 1973 sui
1072 1907 1177 1974 uerit?
1204 1905 1265 1973 dee
1293 1906 1423 1972 enimn

236 2012 335 2078 iudici
363 2013 424 2080 seli
452 2013 613 2098 cognitum
642 2017 702 2092 est,
730 2013 801 2095 quis
831 2031 894 2096 qua
919 2017 1022 2078 mente
1051 2011 1188 2078 eeeedat.
1221 2009 1379 2077 antistitis

238 2136 312 2202 erge
332 2123 382 2184 est
399 2117 544 2203 delegate
564 2118 627 2183 sibi
644 2117 734 2203 iungi
751 2117 867 2196 affine,
881 2117 996 2183 iudicis
1014 2121 1121 2183 autern
1140 2120 1197 2182 aut
1214 2117 1379 2200 suseipere

237 2226 295 2289 aut
306 2242 456 2289 rennuere
472 2241 599 2289 eausam
615 2223 766 2306 suseepti.
780 2223 849 2306 ipse
864 2223 947 2288 enim
962 2223 1122 2289 inuenitur
1134 2220 1268 2290 dixisse:
1284 2221 1378 2300 iilia¹

237 2327 336 2395 fides
359 2332 423 2394 tua
446 2332 482 2394 te
506 2327 647 2394 saluam
671 2329 774 2394 iecit.

282 2436 333 2500 32„
357 2433 455 2501 Uides
479 2435 587 2516 itaque
610 2434 729 2499 nullius
753 2434 920 2512 adiutorio,
943 2434 1000 2499 sed
1019 2453 1116 2500 uuum
1135 2451 1296 2517 quemque
1319 2431 1412 2498 fidere

236 2558 296 2605 sua
318 2540 445 2606 saluari.
468 2539 529 2607 hee
551 2540 635 2605 eninr
659 2539 738 2606 deus
761 2540 902 2607 decreuit
925 2539 1009 2618 fidei,
1032 2543 1078 2618 ut,
1102 2539 1130 2604 si
1152 2558 1214 2605 neu
1238 2537 1372 2616 dubitet,

237 2663 330 2711 emue
361 2645 445 2728 qued
472 2646 611 2711 uoluerit
637 2648 856 2728 consequatur.
893 2649 929 2711 ιιι
956 2651 1061 2711 tamen
1089 2664 1150 2711 neu
1177 2647 1214 2710 ιιι
1241 2643 1374 2719 amiens,

236 2750 294 2816 sed
316 2751 407 2833 quasi
429 2750 576 2815 iuimicus
601 2749 717 2817 Christi
747 2752 900 2834 populum
930 2751 990 2816 sub
1013 2755 1069 2817 tue
1092 2749 1218 2816 nemine
1246 2767 1373 2833 eeugre·

236 2855 331 2941 gaeti
355 2859 474 2922 utnon
497 2856 563 2922 sint
584 2855 755 2923 Christiani
778 2856 841 2923 uisi
864 2857 981 2922 fuerint
998 2856 1180 2932 Nouatieui.
1204 2874 1277 2921 eum
1302 2873 1374 2938 ape

235 2961 338 3026 stolus
362 2959 558 3037 condemnet,
582 2961 609 3026 ei
632 2962 686 3045 qui
710 2955 795 3028 dieat
817 2981 852 3027 ee
874 2961 1061 3028 Paulianum
1084 2965 1141 3027 aut
1162 2961 1296 3028 elutius
1320 2952 1374 3025 ali·
1388 2983 1416 3026 ru

235 3066 340 3133 euius.
377 3065 433 3132 sed
465 3067 500 3129 ιιι
537 3067 692 3149 potiorem
729 3069 762 3133 te
798 3066 940 3133 iudieans
972 3084 1069 3150 super
1104 3064 1223 3132 Christi
1259 3084 1372 3132 nemen

233 3176 328 3239 tuum
350 3170 496 3255 posuisti,
521 3171 612 3253 quasi
634 3170 689 3236 ille
712 3190 772 3237 neu
796 3170 957 3237 sufficeret
978 3171 1186 3238 adtuendam
1204 3172 1374 3238 eeclesiam

234 3295 335 3345 suem.

325 3485 360 3539 18
377 3483 476 3540 unu.
495 3485 521 3548 8,
539 3484 582 3538 22.
600 3483 683 3540 lare.
703 3484 729 3550 5,
747 3484 791 3539 84.
809 3482 874 3539 Irae.
892 3483 972 3548 8,·48
1024 3484 1061 3540 88
1079 3483 1113 3538 ei.
1131 3483 1145 3539 1
1162 3481 1223 3541 Gor.
1243 3485 1269 3549 8,
1288 3486 1308 3539 4

273 3608 433 3662 laueteatie
451 3607 542 3679 (een.)
560 3606 589 3660 N
631 3608 807 3680 itauseeptus
820 3605 876 3662 FB
893 3611 1033 3678 rmeeptea
1049 3607 1103 3662 GA
1146 3606 1328 3663 Ssdueeaati
1347 3609 1377 3663 X

235 3697 317 3763 (rear.
331 3696 368 3762 Δ)
435 3695 699 3751 tenurae-ebeno
716 3694 814 3751 enno
878 3695 970 3766 tqui]
990 3695 1088 3765 quet*
1156 3696 1298 3751 christiani
1315 3693 1375 3752 fleri

237 3781 320 3837 ONX
404 3782 506 3839 Siurie
524 3799 577 3839 ese.
594 3783 624 3837 X
727 3799 790 3838 uere
807 3782 917 3838 Fuere
938 3781 993 3838 Ge
1085 3783 1248 3854 tpredeeae
1266 3782 1378 3839 PCNX

237 3871 271 3927 10
289 3870 397 3927 nouerit
415 3870 496 3926 ONX
529 3870 766 3927 irenaeusne
800 3871 838 3950 18
851 3870 967 3942 diligete
983 3870 1008 3926 0
1027 3870 1148 3943 dilegate
1162 3870 1221 3926 Nx
1240 3871 1322 3943 (ωπ.
1336 3874 1377 3934 Δ)

233 3959 300 4031 flagi
323 3961 414 4027 (em.)
431 3958 468 4014 Π
564 3958 599 4015 18
617 3963 665 4015 aut
682 3960 725 4026 (ιίι
741 3950 858 4028 ratu
944 3976 1057 4016 renuere
1070 3959 1099 4014 P
1193 3961 1248 4032 ipsi
1269 3960 1374 4016 0an

236 4049 271 4102 14
287 4047 409 4104 saluatur
426 4047 463 4103 Π
532 4048 566 4104 18
584 4047 718 4103 adiutoria
735 4051 762 4118 (e
781 4048 832 4106 alt.
850 4049 882 4104 ιἰι
898 4049 1012 4120 rer.)0
1059 4050 1093 4106 18
1111 4047 1222 4104 dubitat
1238 4039 1376 4120 (ωη.)’(’

236 4134 270 4191 re
288 4135 355 4206 era]
371 4137 395 4191 u
412 4138 492 4205 (eon.
510 4137 568 4205 aa)
588 4135 613 4190 o
680 4135 715 4192 ae
733 4137 793 4207 qai·
810 4136 865 4193 1³0
880 4138 927 4209 qu
946 4140 1025 4206 (ωη.
1045 4137 1115 4208 qua)
1128 4123 1190 4192 ns·
1256 4137 1372 4208 paulini·

234 4241 316 4280 muna
337 4222 453 4280 ΠΟΝΒ
474 4225 628 4297 paulianum
652 4224 730 4295 (cerr.
754 4225 950 4296 paulinianum)
973 4225 1004 4280 F
1022 4227 1070 4296 (es.
1093 4224 1185 4296 saep
1206 4226 1242 4294 os
1255 4225 1373 4294 Ambro-

234 4314 333 4368 eiaeter
346 4329 376 4383 p.
395 4316 464 4381 m)
536 4314 593 4383 aut]
613 4316 645 4368 ut
663 4312 718 4368 FB
