3275 6434
899 649 2861 1086 -

1133 998 1240 1006 da

495 1465 625 1531 264
1285 1462 1482 1518 Liber
1517 1464 1983 1535 quaestionum

492 1657 646 1724 licet
688 1660 1109 1728 contemnere.
1153 1658 1403 1726 iustitia
1439 1657 1608 1725 enim
1654 1655 1814 1725 dene
1856 1657 1957 1724 illi
2001 1661 2119 1726 eet.
2153 1675 2267 1725 ree
2309 1657 2483 1725 euim
2528 1656 2637 1725 dei
2677 1662 2773 1726 est

491 1763 742 1831 iustitia
784 1768 852 1830 et
894 1764 1007 1849 qui
1049 1764 1521 1849 praeuaricatur
1562 1782 1725 1846 eam,
1769 1783 1917 1832 reus
1951 1763 2028 1832 ῆι
2059 1763 2164 1831 dei
2205 1763 2467 1832 iudicio.
2510 1762 2772 1831 Melchi-

492 1868 722 1936 sedech
777 1872 1011 1951 autem,
1068 1870 1242 1937 sicut
1291 1870 1478 1937 datur
1527 1871 1842 1958 intellegi,
1893 1890 2019 1939 non
2070 1889 2245 1938 more
2297 1870 2632 1944 hominum
2672 1889 2772 1937 rex

491 1974 866 2059 appellatur,
904 1975 1053 2058 quia
1087 1975 1209 2043 snb
1237 1993 1308 2042 se
1335 1975 1528 2044 habet
1550 1976 1888 2058 iustitiam,
1915 1995 2078 2061 quae
2102 1975 2364 2064 regibus
2389 1974 2769 2044 dominatur.

491 2099 674 2147 nemo
722 2082 956 2148 etenim
1000 2084 1217 2166 potest
1258 2082 1488 2150 habere
1532 2083 1654 2150 sub
1692 2100 1764 2149 se
1799 2083 2135 2164 iustitiam,
2171 2082 2297 2150 nisi
2332 2082 2476 2150 eius
2510 2087 2788 2150 naturae.
2820 2101 2845 2148 e

491 2187 596 2265 sit,
639 2190 715 2252 ut
755 2204 1020 2271 peccare
1063 2206 1187 2254 non
1240 2188 1466 2272 possit.
1519 2187 1641 2261 snb
1684 2187 1829 2272 ipso
1874 2190 2089 2255 autem
2132 2207 2275 2256 esee
2317 2187 2462 2256 ideo
2517 2187 2769 2266 dicitur,

491 2293 640 2376 quia
682 2292 762 2360 ab
808 2310 885 2361 eo
930 2293 1190 2360 inuenta
1220 2298 1322 2361 est
1354 2293 1546 2361 modo
1580 2294 1766 2380 legis,
1799 2313 1914 2380 per
1949 2312 2137 2379 quam
2175 2295 2628 2382 gubernentur,
2662 2295 2766 2380 qui

487 2401 760 2483 possunt
801 2417 1083 2484 peccare.
1127 2399 1332 2485 igitur
1371 2418 1480 2467 rex
1522 2400 1812 2468 iustitiae
1863 2400 2225 2468 moderator
2275 2403 2379 2468 est
2432 2401 2768 2469 uerborum

489 2524 526 2570 a
572 2524 642 2572 se
684 2505 1111 2584 inuentorum,
1146 2505 1382 2590 quibus
1417 2507 1578 2574 bene
1610 2506 1922 2590 beateque
1954 2511 2024 2574 et
2055 2507 2196 2574 uini
2226 2508 2441 2593 possit
2474 2510 2544 2576 et
2578 2507 2769 2575 credi.

583 2612 684 2678 14.
729 2612 856 2678 Diu
901 2613 1307 2697 multumque
1351 2613 1717 2680 laboremne
1762 2618 1829 2680 et
1872 2613 2080 2680 adhuc
2121 2614 2337 2681 minus
2382 2612 2462 2680 de
2506 2593 2767 2681 fielchi·
2798 2630 2849 2678 ro

490 2717 720 2786 sedech
767 2717 1063 2796 dicimus,
1108 2718 1235 2784 nisi
1273 2721 1669 2786 reuertamur
1719 2717 1798 2785 ad
1843 2719 2246 2804 scripturam,
2292 2738 2454 2803 quae
2506 2723 2577 2787 et
2631 2718 2775 2805 ipsa

489 2824 600 2891 din
642 2823 864 2909 pulsat
905 2828 972 2891 et
1015 2825 1324 2904 clamitat,
1367 2828 1443 2891 nt
1485 2843 1742 2909 pressos
1785 2824 1967 2912 graui
2012 2843 2234 2894 somno
2280 2825 2513 2894 excitet
2556 2824 2639 2893 ad
2679 2825 2770 2893 in-

489 2930 819 2997 tellectum
857 2949 982 2997 non
1017 2932 1242 3012 noctis,
1277 2931 1392 2998 sed
1435 2930 1583 2998 diei.
1631 2930 1791 2997 dicit
1833 2950 1986 3017 ergo
2020 2930 2172 3015 quia
2205 2930 2362 2998 ‘sine
2395 2935 2598 3016 patre,
2632 2932 2771 2999 sine

488 3042 710 3114 matre,
757 3037 916 3104 sinev
941 3038 1331 3124 genealogia’
1376 3041 1479 3103 est
1519 3037 1992 3104 Melchisedech
2036 3041 2122 3116 et,
2168 3056 2247 3104 ne
2290 3037 2476 3104 aliter
2523 3037 2771 3104 intelle·

489 3147 744 3229 geretur
770 3163 960 3227 quam
990 3143 1249 3230 dignum
1279 3147 1400 3223 est,
1427 3142 1691 3210 adiecit:
1723 3163 1960 3228 neque
1985 3144 2290 3210 initium
2320 3143 2607 3210 dierum
2632 3161 2768 3210 nec
2802 3155 2855 3201 ¹⁸

487 3251 715 3317 finem
763 3250 972 3316 uitae
1018 3251 1316 3317 habens.
1363 3268 1477 3334 per
1519 3249 1687 3333 quod
1735 3249 2016 3317 ostendit
2058 3268 2263 3334 neque
2298 3253 2516 3317 natum
2563 3268 2770 3334 neque

491 3361 811 3422 mortuum
840 3374 981 3423 esse
1001 3354 1493 3424 Melchisedech.
1523 3354 1677 3439 quid
1702 3355 1783 3422 ad
1813 3356 1967 3422 haec
1993 3361 2123 3423 tem
2147 3357 2479 3424 manifesta
2496 3356 2776 3423 humana

491 3466 966 3547 argumentatur
992 3461 1356 3528 subtilitas?
1392 3480 1554 3545 quae
1579 3466 1683 3528 est
1706 3465 1837 3527 tam
1865 3467 2125 3528 uersuta
2161 3462 2396 3548 ingenii
2432 3462 2775 3542 calliditas,

491 3586 652 3652 quae
697 3567 889 3634 audet
932 3569 1229 3634 resistere
1274 3566 1649 3648 manifestis,
1693 3570 1768 3633 ut
1810 3585 1931 3633 non
1980 3585 2235 3633 sensum
2283 3568 2495 3651 capiat
2537 3586 2611 3635 ex
2645 3570 2774 3635 lec·

490 3675 684 3755 tione,
723 3673 838 3739 sed
875 3691 1133 3740 sensum
1171 3673 1414 3739 tribuat
1447 3674 1752 3741 lectioni?
1790 3674 1891 3740 uis
1919 3672 2191 3739 infertur
2214 3673 2548 3759 scripturis
2575 3673 2774 3741 domi·
2808 3685 2859 3734 an

491 3780 672 3858 nicis,
720 3781 814 3846 ita
859 3784 935 3846 ut
969 3780 1162 3845 etiam
1203 3779 1319 3846 hos
1356 3779 1654 3845 inimicos
1690 3780 1943 3858 sentiat,
1982 3780 2092 3863 qui
2129 3780 2491 3847 auctoritati
2528 3781 2670 3848 eine
2707 3800 2777 3848 se

489 3889 791 3954 inclinare
819 3886 1135 3952 uidentur.
1166 3884 1386 3953 dicunt
1413 3886 1580 3953 enim
1609 3886 1866 3971 quidam
1903 3905 2026 3952 non
2062 3886 2155 3952 ita
2191 3885 2268 3953 de
2300 3886 2776 3955 Melchisedech

490 3994 717 4061 debere
763 3993 955 4069 credi,
1004 3996 1079 4059 nt
1119 3992 1394 4060 relatum
1438 3997 1567 4062 est.
1584 3994 1941 4077 scripturis,
1988 4012 2061 4059 ac
2098 4011 2210 4078 per
2242 3992 2364 4060 hoc
2400 3993 2479 4060 ad
2514 4012 2778 4062 sensum

489 4119 679 4166 suum
725 4099 1073 4182 scripturas
1121 4103 1526 4178 conuertunt;
1583 4099 1817 4183 quibus
1870 4098 2102 4165 melius
2159 4103 2334 4166 esset
2382 4103 2598 4184 aperte
2651 4119 2779 4167 non

489 4208 762 4292 recipere
791 4206 1159 4290 scripturas,
1182 4224 1372 4289 quam
1400 4204 1619 4272 dolose
1647 4224 1832 4291 agere
1860 4209 2075 4271 contra
2092 4206 2259 4284 illas,
2281 4209 2356 4272 ut
2381 4206 2502 4272 sub
2522 4206 2777 4273 nomine
2809 4217 2859 4265 n

488 4314 663 4398 pacis
710 4323 968 4396 paretur
1012 4311 1253 4378 bellum
1302 4316 1368 4378 et
1421 4313 1541 4378 sub
1596 4313 1876 4399 tegmine
1931 4312 2248 4378 amicitiae
2301 4311 2496 4397 lateat
2549 4312 2776 4379 hostia.

583 4423 682 4486 15.
720 4420 961 4486 Dicunt
986 4438 1135 4505 ergo
1164 4439 1286 4486 non
1318 4419 1395 4486 ad
1425 4421 1911 4506 generositatem
1941 4420 2252 4504 pertinere
2280 4418 2776 4506 Melchisedech,

489 4527 602 4595 sed
647 4527 727 4593 ad
773 4527 1201 4593 humilitatem
1249 4527 1496 4612 generis
1542 4525 1849 4605 eiusdem,
1895 4526 2047 4611 quia
2084 4526 2219 4593 sine
2255 4527 2432 4609 patre
2468 4529 2536 4591 et
2568 4528 2774 4592 matre

488 4634 726 4719 legitur
770 4633 988 4699 fuisse.
1025 4632 1147 4697 hoc
1183 4633 1348 4698 enim
1385 4631 1525 4698 ideo
1562 4633 1744 4699 aiunt
1780 4631 1873 4698 sic
1910 4632 2219 4715 scriptum
2256 4650 2418 4711 esse,
2457 4636 2533 4698 ut
2567 4635 2775 4698 osten-

490 4740 742 4806 deretur
769 4758 840 4804 ex
877 4739 1247 4825 alienigenis
1285 4739 1505 4817 fuisse,
1544 4758 1664 4815 non
1712 4757 1785 4804 ex
1827 4739 2001 4804 tribu
2051 4758 2174 4822 qua
2220 4743 2397 4805 ortus
2445 4726 2548 4804 est
2578 4739 2771 4805 Abra·
2807 4752 2859 4797 su

490 4846 655 4924 ham,
703 4846 853 4930 quia
896 4865 1099 4931 genus
1146 4844 1284 4911 eius
1328 4864 1449 4911 non
1497 4845 1819 4911 inuenitur
1861 4846 1923 4911 in
1962 4846 2124 4932 lege.
2170 4843 2358 4911 ‘unde
2395 4849 2461 4911 et
2495 4845 2776 4925 adiecit:

674 5052 739 5108 18
775 5052 940 5108 Hebr.
981 5053 1030 5117 7,
1069 5053 1104 5108 8
1215 5055 1281 5110 15
1318 5053 1483 5110 Hebr.
1522 5053 1573 5119 ⁷,
1610 5055 1645 5110 8

213 5172 494 5230 nuch
566 5176 591 5230 l
633 5179 1041 5247 contempneret
1074 5179 1259 5245 (corr.)
1299 5177 1353 5231 P
1473 5180 1540 5234 15
1575 5177 1775 5250 neque]
1812 5190 1913 5234 nec
1948 5178 2069 5234 cdd.
2199 5178 2267 5234 18
2303 5181 2529 5235 uersuta
2563 5178 2774 5252 ingenii

488 5264 610 5320 cdd.
655 5265 864 5336 ingenii
911 5270 1135 5321 uersuta
1161 5266 1218 5321 P
1427 5268 1498 5323 22
1533 5267 1817 5340 inclinare]
1864 5267 2170 5324 indiuinare
2197 5267 2253 5322 P
2487 5268 2561 5324 28
2594 5269 2771 5340 pacis]

490 5353 663 5422 patrie
698 5354 754 5409 P
