3275 6434
473 1530 557 1592 38
1271 1521 1473 1576 Liber
1507 1520 1973 1592 quaestionum

469 1718 826 1803 portabant,
854 1736 980 1784 non
1016 1716 1456 1783 uestiebantur
1489 1717 1655 1792 efutz
1693 1733 1877 1800 reges
1915 1732 2064 1781 uero
2102 1718 2170 1780 et
2202 1713 2431 1782 Iaeuita
2465 1712 2774 1781 Samuhel

467 1823 893 1890 induebantur
945 1823 1103 1889 efut.
1139 1821 1478 1907 aliquando
1516 1823 1668 1908 ergo
1705 1821 1931 1902 uestis,
1965 1819 2307 1902 aliquando
2344 1819 2531 1904 quasi
2566 1827 2774 1887 arma-

467 1931 722 2002 riolum,
762 1929 928 2012 qnod
968 1929 1308 2013 portabant
1340 1927 1703 1995 sacerdotes
1740 1927 1819 1992 ad
1865 1927 2377 2012 interrogandum
2413 1913 2771 2005 dominum,

470 2036 863 2120 significatur
903 2038 1055 2100 esui.

559 2144 621 2211 9.
680 2144 1004 2224 Quantum
1061 2146 1345 2226 apparet,
1397 2141 1733 2226 probatum
1781 2145 1882 2206 est
1928 2139 2336 2208 Samuhelem
2378 2158 2505 2206 non
2561 2159 2772 2208 saeer-
2831 2161 2859 2202 a

471 2249 709 2330 dotem,
757 2249 871 2314 sed
915 2248 1228 2333 profetam
1270 2246 1497 2314 fuisse.
1544 2265 1713 2313 nunc
1755 2247 1857 2312 his
1903 2246 2384 2331 respondemus,
2432 2246 2546 2331 qui
2588 2248 2771 2332 igno-

467 2357 680 2420 rantes
726 2356 877 2438 quia
922 2353 1222 2421 Samuhel
1266 2373 1391 2419 non
1437 2358 1538 2420 est
1581 2353 1663 2419 de
1704 2353 1857 2420 filiis
1900 2355 2115 2420 Aaron
2145 2352 2527 2432 sacerdotis,
2573 2356 2768 2422 aeeti-

469 2463 648 2526 mant
680 2460 868 2525 illum
904 2460 1298 2533 sacerdotem
1334 2459 1565 2538 suisse;
1603 2478 1718 2526 nec
1763 2459 1934 2525 enim
1977 2459 2079 2525 fas
2121 2462 2277 2536 erat,
2305 2462 2382 2525 ut
2407 2460 2486 2525 de
2521 2460 2769 2548 origine

467 2569 675 2633 Aaron
749 2567 1137 2633 descendens
1222 2566 1518 2632 sacerdos
1591 2585 1713 2632 non
1778 2568 1966 2631 esset.
2044 2584 2207 2648 quos
2270 2567 2550 2650 primum
2614 2568 2765 2633 uolo

470 2691 852 2759 cognoscere
926 2673 1094 2755 quia,
1167 2673 1220 2736 si
1286 2671 1581 2738 sacerdos
1646 2676 1783 2739 erat
1844 2670 2167 2751 Samuhel,
2233 2672 2373 2738 sine
2434 2671 2633 2739 dubio
2697 2676 2768 2739 et
2798 2689 2851 2733 ιο

467 2778 752 2844 Helcana
795 2783 975 2862 pater
1019 2779 1158 2845 eius
1206 2779 1500 2845 sacerdos
1547 2779 1686 2844 fnit
1735 2797 2088 2863 congruum
2135 2796 2389 2862 quoque
2431 2778 2645 2846 fuerat
2698 2784 2767 2845 et

470 2884 638 2950 tilios
683 2885 820 2950 eius
868 2884 1232 2951 sacerdotes
1281 2885 1500 2964 fnisse,
1548 2905 1731 2968 quos,
1790 2885 1944 2968 quia
1986 2883 2357 2952 sacerdotes·
2392 2904 2514 2951 non
2561 2890 2762 2965 erant,

469 2991 715 3058 iudices
759 2991 906 3058 illos
965 2991 1303 3058 constituit
1353 2989 1505 3055 filiis
1552 2990 1817 3068 Israhel,
1864 2990 2060 3057 sicuti
2106 2994 2173 3056 et
2216 2990 2387 3057 idem
2432 2992 2573 3076 ipse
2628 2995 2766 3058 erat

471 3095 796 3163 Samuhel.
829 3099 919 3162 sie
952 3097 1118 3162 enim
1147 3097 1454 3183 legimus:
1486 3097 1667 3179 quia
1692 3095 2117 3162 iudicauit
2140 3095 2380 3162 filios
2416 3096 2763 3163 Israhel.

466 3203 752 3268 Helcana
814 3216 1029 3270 autem
1092 3208 1270 3287 pater
1323 3201 1705 3280 samuhelis,
1760 3207 2019 3287 propter
2070 3202 2245 3286 quod
2295 3203 2593 3269 sacerdos
2636 3222 2759 3271 non
2795 3220 2853 3265 ιι

469 3313 631 3375 erat:
672 3309 1183 3386 ascendebat,
1233 3309 1459 3391 inquit,
1506 3327 1591 3373 ex
1631 3307 1921 3374 diebus
1957 3308 2033 3374 in
2063 3308 2240 3374 dies
2277 3308 2369 3374 de
2405 3308 2762 3375 ciuitate

471 3435 616 3482 sua
657 3416 1094 3480 Armathen
1152 3415 1486 3481 adorare
1543 3421 1622 3482 et
1677 3415 2150 3482 sacrificare
2204 3415 2349 3481 deo
2406 3416 2761 3500 omnipo-

467 3523 681 3588 tenti
749 3523 1110 3589 sabaoth.
1180 3529 1257 3587 et
1324 3524 1435 3586 ibi
1494 3527 1675 3587 erat
1729 3523 1918 3588 Heli
1975 3527 2051 3586 et
2107 3521 2259 3587 duo
2314 3521 2485 3586 filii
2554 3521 2759 3599 eius,

473 3629 662 3695 ofni
710 3634 789 3696 et
834 3629 1126 3696 Finees
1175 3628 1650 3694 sacerdotes
1698 3627 2023 3694 domini.

563 3738 661 3801 10.
702 3733 869 3814 Quid
898 3739 1031 3802 tam
1070 3739 1382 3821 apertum,
1412 3735 1562 3819 quia
1588 3734 1890 3801 ueniebat
1923 3734 2205 3801 Helcana
2240 3734 2460 3800 offerre
2496 3752 2765 3800 munera
2796 3752 2857 3794 au

468 3861 590 3908 sua
616 3841 764 3908 ante
790 3841 1117 3907 dominum
1145 3860 1259 3925 per
1285 3841 1649 3908 sacerdotes
1674 3846 1961 3926 ternpore
1988 3838 2371 3923 conpetenti,
2406 3839 2762 3906 secundum

472 3947 645 4031 quod
699 3951 1013 4014 statuerat
1065 3947 1345 4030 Moyses,
1401 3949 1477 4012 ut
1537 3947 1746 4012 tribus
1798 3945 2196 4030 temporibus
2257 3946 2404 4012 anni
2464 3945 2768 4013 offerrent

467 4073 733 4121 munera
766 4057 834 4120 et
868 4053 1147 4120 decimas
1185 4071 1359 4134 suas,
1396 4053 1509 4142 uhi
1543 4053 1778 4119 fuisset
1811 4065 1956 4118 arca
1990 4051 2230 4119 domini
2275 4055 2343 4118 et
2371 4050 2765 4133 sacedotes,

469 4159 708 4244 qnippe
726 4178 873 4227 cum
902 4165 969 4225 et
995 4159 1155 4226 duas
1183 4178 1410 4226 uxores
1437 4158 1735 4224 habuerit
1761 4162 2045 4241 tempore
2073 4177 2220 4238 uno,
2250 4157 2418 4241 quod
2444 4157 2766 4225 inlicitum

467 4270 569 4332 est
588 4264 1028 4332 sacerdotibus
1040 4268 1073 4332 P
1092 4269 1228 4331 erat
1246 4264 1413 4330 enim
1431 4264 1715 4329 Helcana
1733 4282 1806 4328 ex
1820 4263 2084 4343 Leuitis,
2097 4263 2268 4328 sicut
2284 4264 2764 4349 generationum
2798 4284 2857 4328 ιιι

449 4370 621 4436 ordo
650 4391 721 4436 se
751 4371 1034 4438 continet
1056 4371 1121 4437 in
1151 4370 1313 4437 libro
1345 4369 1885 4453 Paralipomenon.
1911 4369 2119 4435 adhuc
2147 4369 2317 4434 enim
2343 4369 2610 4436 Leuitae
2636 4389 2763 4437 non

468 4481 645 4542 erant
687 4477 990 4543 habentes
1039 4477 1318 4543 ordinem
1369 4476 1787 4543 constitutum
1824 4474 2156 4540 ministerii
2196 4475 2365 4540 circa
2398 4475 2765 4542 sacerdotes

652 4666 1260 4736 let.lneg.14,18
1372 4664 1943 4736 laef.1Reg.8,1
2061 4665 2528 4736 1411303.7,o
2628 4665 2762 4722 161

467 4756 763 4828 Reg.l,3
903 4754 1478 4828 venusini-l.
1588 4753 2166 4824 240f.11203.1.2
2308 4753 2766 4826 almas

468 4844 1217 4914 2601.1Pu.e,34(19)

546 4971 569 5024 l
614 4969 994 5024 uestiabautur
1033 4969 1082 5024 G
1219 4969 1255 5023 2
1291 4967 1447 5038 quasi
1482 4983 1586 5023 om.
1626 4966 1693 5020 N
1863 4966 2192 5022 aruniliolum
2233 4968 2284 5022 0
2419 4969 2452 5023 7
2488 4966 2658 5023 filine
2691 4969 2774 5023 1

471 5055 786 5114 sacerdotes
825 5055 930 5111 ΟΕ
997 5057 1031 5110 8
1069 5055 1176 5125 faa]
1216 5071 1314 5111 uae
1349 5055 1406 5110 P
1436 5072 1596 5127 proas
1637 5054 1688 5110 0
1790 5051 2021 5127 origiue]
2058 5053 2274 5126 uirgine
2308 5055 2372 5111 X
2446 5055 2484 5109 9
2518 5055 2678 5111 anolo
2718 5055 2772 5112 G

474 5149 540 5202 18
575 5144 702 5200 moa
734 5149 784 5215 (a
818 5145 885 5199 ia
916 5149 1052 5210 rae.)
1090 5144 1166 5199 M
1303 5144 1450 5200 sieut
1482 5144 1539 5199 P
1678 5144 1787 5216 ipsi
1821 5147 1979 5199 erant
2009 5145 2068 5214 (n
2103 5147 2251 5214 ew.)
2292 5143 2341 5198 0
2464 5143 2533 5198 16
2565 5159 2764 5201 acoen-

469 5233 640 5290 debat
676 5235 725 5288 U
757 5237 918 5298 (corr.
959 5231 1358 5301 asccendobat),
1393 5231 1456 5288 F
1486 5232 1783 5289 accedebat
1817 5231 1883 5288 1
1963 5232 2027 5288 1⁷
2066 5232 2330 5289 amaffien‘
2356 5233 2415 5286 Ρ
2484 5231 2552 5288 18
2586 5230 2669 5288 mi
2701 5232 2771 5289 K

469 5321 544 5378 20
574 5327 694 5377 tan
727 5321 800 5376 Μ
1002 5324 1250 5394 opertum
1290 5323 1463 5377 GNX
1635 5320 1708 5377 22
1744 5320 1976 5377 offerent
2013 5321 2121 5376 ΟΧ
2295 5320 2367 5376 28
2402 5337 2530 5376 anae
2566 5337 2686 5377 on:
2712 5321 2768 5376 Ρ

470 5411 810 5472 sacerdo.tee
847 5413 921 5466 M
