3275 6434
306 1200 373 1262 220
703 1190 802 1245 Liber
821 1190 1059 1261 quaeationnm

352 1388 405 1453 26.
428 1386 511 1451 Hinc
539 1387 590 1451 eat
616 1384 699 1450 unde
727 1383 893 1468 apoatolna
917 1382 1043 1467 plebem
1071 1379 1307 1448 Corinthiorum
1338 1381 1452 1467 arguit,

306 1495 434 1577 propter
461 1490 547 1575 quod
574 1490 678 1567 illum,
702 1489 757 1573 qui
786 1488 914 1574 publice
941 1506 1068 1555 uxorem
1092 1487 1191 1570 patria
1213 1486 1362 1566 habebut,
1393 1505 1453 1554 non

306 1599 500 1681 corriperent
527 1600 584 1661 ant
611 1595 777 1673 eniterent,
806 1599 844 1660 nt
871 1613 907 1661 aa
931 1593 1122 1673 emendaret,
1146 1591 1267 1658 dicens:
1290 1591 1453 1658 nescitis

307 1704 396 1786 quia
418 1702 601 1767 modicum
631 1701 860 1767 fermentum
888 1702 1008 1766 totam
1036 1715 1196 1765 maenam
1225 1698 1453 1781 corrumpit?

306 1828 380 1874 cum
412 1808 495 1874 enim
529 1826 590 1873 non
623 1810 710 1872 eaaet
741 1806 803 1871 dur
836 1805 951 1889 aliquia
983 1808 1040 1870 aut
1062 1804 1262 1888 praeponitur
1289 1803 1454 1892 eudociae,
1482 1823 1498 1869 a

307 1914 409 1998 plebio
442 1916 510 1979 erat
541 1913 697 1997 corripere
732 1931 815 1990 enm,
848 1930 943 1994 quem
974 1909 1127 1976 uidebant
1156 1913 1223 1975 tam
1254 1908 1392 1994 turpiter
1421 1914 1455 1976 et

305 2020 441 2086 obeceue
464 2021 548 2085 inter
570 2038 624 2086 eoa
647 2018 778 2085 ueraari.
801 2035 840 2083 ae
862 2036 917 2101 per
938 2016 999 2083 hoc
1023 2016 1115 2100 quaai
1138 2015 1371 2083 consentientea
1398 2034 1453 2082 eoa

306 2126 431 2191 crimini
454 2125 523 2192 eina
547 2124 712 2208 apoatolna
736 2123 850 2210 arguit
873 2142 930 2189 nec
953 2122 1036 2189 enim
1065 2121 1097 2186 in
1125 2121 1184 2188 hoo
1211 2141 1245 2187 ro
1268 2125 1454 2189 accuntoro

306 2249 387 2315 opua
419 2233 486 2297 erat
519 2234 575 2296 aut
606 2231 759 2307 testium
792 2229 919 2314 publice
952 2228 1036 2295 enim
1067 2246 1235 2296 nouercam
1264 2246 1354 2294 auam
1381 2227 1453 2296 loeo

306 2338 413 2404 uxoria
436 2337 582 2402 habebat.
1471 2353 1496 2400 ro

352 2444 405 2511 27.
420 2443 541 2526 ltaque,
557 2446 710 2526 quantum
725 2441 765 2507 ad
779 2461 908 2508 caueam
926 2445 1067 2508 noatrrmn
1086 2443 1231 2526 pertinet,
1246 2441 1453 2525 erpoauimna

306 2549 461 2616 rationem
483 2569 543 2616 non
564 2550 644 2616 aliea
664 2549 874 2627 oriminuotea,
897 2547 954 2615 aed
973 2567 1030 2616 noa
1050 2547 1263 2617 defendentea.
1282 2546 1454 2616 Nouatiani

306 2660 414 2722 autem
429 2656 571 2722 obtestor
588 2656 824 2733 conscientiam,
844 2655 898 2739 qui
913 2674 970 2722 noa
986 2673 1111 2739 aemper
1124 2657 1265 2733 accusat,
1281 2653 1310 2721 ai
1324 2657 1454 2721 aanotoa

305 2761 370 2828 ecit
387 2780 458 2828 eoae
481 2769 591 2829 omnen
614 2781 694 2846 quoa
717 2780 826 2827 eccum
849 2762 953 2828 habet
977 2762 1008 2826 in
1032 2765 1155 2828 tantum
1176 2764 1283 2828 autom
1305 2760 1456 2828 irascitur

306 2867 407 2947 uobis,
421 2870 457 2933 ut
475 2870 509 2932 et
522 2868 719 2935 Christianos
733 2886 791 2934 noa
807 2871 911 2952 neget
931 2887 1005 2934 cum
1018 2868 1101 2935 aciat
1118 2886 1177 2934 noa
1191 2886 1229 2933 ea
1241 2866 1303 2933 dde
1320 2866 1452 2947 tinctu,
1471 2883 1496 2929 a

307 2972 346 3038 de
364 2991 427 3056 qua
443 2975 512 3057 ipae
531 2974 716 3058 praesumit.
735 2972 950 3041 Christianum
969 2976 1055 3040 corte
1067 2973 1224 3057 profoaeio
1237 2972 1314 3039 iacit
1326 2977 1361 3038 et
1372 2972 1453 3040 uita.

308 3078 337 3142 ai
356 3097 430 3164 engo
449 3078 541 3144 uiden
563 3078 724 3145 hominem
743 3097 782 3145 ea
798 3078 948 3161 profiteri,
968 3098 1047 3163 quae
1066 3083 1114 3156 ιιι,
1132 3082 1167 3144 et
1183 3098 1243 3146 noo
1261 3076 1451 3144 dissimilem

306 3201 379 3250 eoae
405 3184 438 3249 iu
466 3185 543 3263 uita,
571 3204 669 3267 quare
696 3203 792 3270 negaa
819 3203 890 3252 eaae
917 3203 990 3251 enm
1019 3184 1103 3268 quod
1131 3190 1168 3250 ιιι
1195 3187 1252 3251 ee?
1282 3187 1369 3251 certe
1396 3185 1453 3268 qni

306 3289 386 3355 dicit
413 3289 575 3356 dominum
606 3291 725 3368 leaum,
759 3290 790 3356 iu
818 3291 933 3374 apiritu
966 3296 1077 3358 nancto
1109 3291 1199 3376 dicit;
1226 3309 1338 3356 nerum
1365 3289 1451 3355 onim

306 3394 395 3461 dicit.
419 3396 521 3461 omnia
546 3397 630 3462 euim
652 3397 771 3462 ueritaa
794 3397 834 3462 de
862 3396 921 3462 deo
950 3399 1009 3462 eat.
1039 3415 1095 3463 cur
1121 3416 1182 3463 non
1210 3395 1350 3462 adsentio
1373 3414 1451 3462 uara
1467 3414 1494 3459 u

307 3499 434 3581 dicenti,
459 3502 513 3567 aed
538 3503 656 3587 nepae?
680 3502 793 3567 fatenti
817 3501 911 3569 deum
930 3501 1121 3569 contradicis
1144 3521 1205 3568 non
1233 3502 1364 3580 ratione,
1392 3501 1450 3568 aed

306 3605 421 3672 furore.
459 3608 614 3691 numquid
646 3626 706 3677 non
733 3608 883 3674 inimicus
911 3608 962 3673 dei
989 3608 1120 3685 uideris,
1155 3609 1208 3692 qui
1241 3626 1318 3673 nora
1343 3605 1384 3673 de
1411 3626 1448 3673 eo

306 3711 465 3794 profitenti
497 3714 642 3780 reaiatia?
679 3713 833 3796 numquid
866 3732 1009 3799 pagunua
1037 3714 1171 3780 audiena
1198 3713 1337 3797 aliquem
1362 3712 1450 3780 idola

305 3817 462 3883 dicentem
486 3837 556 3884 eaae
580 3818 656 3885 deoa
686 3825 781 3903 negat
802 3839 961 3904 paganum
986 3823 1077 3886 oeae?
1102 3839 1158 3885 cur
1180 3823 1216 3886 tu
1240 3838 1338 3905 negaa
1361 3817 1448 3886 cori-

304 3925 444 3988 atianum
477 3943 570 4006 quem
603 3926 694 3990 audie
726 3925 824 3990 uerba
854 3925 996 4009 integrae
1027 3925 1102 3991 fidei
1132 3925 1341 4010 profitentem,
1373 3943 1447 3991 cum
1464 3939 1492 3988 aa

305 4030 409 4115 legas:
430 4030 540 4098 corde
560 4032 728 4097 creditur
747 4031 790 4096 ad
808 4031 1009 4110 iustitiam,
1031 4050 1092 4097 ore
1112 4035 1234 4097 autem
1253 4031 1447 4098 oonieaaio

304 4135 351 4199 fit
374 4136 410 4200 in
430 4136 612 4202 salutem?
636 4140 668 4201 nt
691 4142 737 4216 ιιι,
761 4139 798 4202 nt
816 4137 975 4214 inimicus,
995 4136 1079 4219 quod
1099 4156 1154 4222 per
1170 4137 1365 4203 iracundiam
1384 4155 1447 4203 non

396 4326 701 4395 los.ICor.5,l.2
755 4326 965 4389 timon-'ud
1037 4326 1298 4396 ties.IGor.5,l
1357 4326 1447 4382 1⁹01.

305 4415 396 4470 icor.
418 4416 495 4482 12,3
549 4417 583 4470 26
603 4416 679 4473 Rom.
701 4416 741 4483 lo,
764 4416 796 4470 10

340 4539 446 4608 :tqued
465 4556 516 4594 ouo.
535 4540 563 4592 P
632 4540 739 4593 3euirn
759 4540 855 4593 darent
872 4541 900 4593 P
961 4540 1112 4594 decoloria
1129 4538 1267 4608 (condo
1321 4539 1445 4610 dpiebin

303 4632 364 4680 erat
381 4629 558 4696 (respuebant
576 4628 643 4681 add.
661 4645 711 4681 rec.
730 4633 793 4697 my.)
811 4628 848 4681 Μ
954 4627 1067 4683 uidebat
1084 4631 1178 4695 (eurr.)
1199 4628 1223 4681 0
1318 4631 1400 4698 turpe
1416 4628 1449 4682 N

305 4717 450 4770 artimino
469 4716 496 4768 P
566 4718 624 4769 eiua
643 4723 688 4784 (ex
706 4718 789 4772 uerbo
807 4718 926 4784 iwrio)
945 4717 979 4770 Μ
1035 4718 1068 4771 18
1087 4718 1110 4771 ai
1129 4733 1182 4771 om.
1201 4717 1228 4771 P
1281 4718 1314 4770 15
1333 4717 1446 4771 aeietC

303 4805 414 4874 tinctos}
435 4809 527 4857 -2notoa
546 4805 578 4857 λ’
673 4806 705 4859 18
725 4805 795 4875 euru]
815 4811 873 4859 turn
893 4807 920 4859 Ρ
1010 4807 1046 4860 19
1064 4805 1211 4875 dominum}
1234 4805 1279 4859 drn'
1297 4808 1392 4872 (corr.)
1409 4805 1446 4860 u

303 4892 371 4946 dicit
390 4894 440 4948 uit.
460 4910 511 4947 orn.
530 4894 557 4946 X
610 4896 643 4949 21
665 4893 780 4948 dicentia
799 4895 826 4949 P
873 4894 909 4949 22
927 4895 1051 4949 iuimicoe
1069 4897 1164 4964 (eoru.)
1183 4894 1213 4947 N
1281 4893 1326 4948 dei
1344 4910 1397 4950 ouo.
1416 4895 1446 4948 Χ

304 4980 337 5035 de
357 4984 400 5051 eo}
421 4982 454 5036 de
473 4987 535 5045 isone.
550 4990 650 5050 poetea
668 4982 746 5050 aad.)
764 4981 815 5037 deo
829 4982 858 5035 Ν
892 4982 927 5036 24
947 4983 1122 5038 chrictiauunn
1141 4986 1170 5051 (a
1188 4988 1270 5050 erce.)
1291 4983 1314 5037 0
1348 4983 1384 5037 25
1401 4983 1444 5043 in·

301 5072 408 5139 tegrae]
427 5071 534 5139 integra
552 5074 581 5124 et
598 5070 625 5123 P
677 5071 710 5124 27
730 5072 768 5139 in]
788 5069 822 5124 ad
841 5072 876 5137 A,
894 5074 987 5141 (corr.)
1005 5072 1032 5125 B
1103 5075 1202 5127 utone.
1221 5070 1249 5126 P
