3275 6434
187 687 1337 1033 -uh

659 1403 951 1472 Prolegourenu.
1283 1405 1371 1473 XXV

238 1599 424 1673 t'iceronem,
440 1595 640 1673 Sallustium,
655 1595 842 1681 Vergilium,
862 1597 1000 1671 Liuium,
1018 1597 1174 1663 Valerium
1191 1599 1374 1681 Maximum,

238 1703 390 1768 lusfinnm
414 1721 509 1767 nosse
528 1701 666 1778 uidetur,
684 1706 830 1768 auctores
850 1703 970 1786 utique,
990 1703 1044 1785 qui
1062 1703 1218 1770 aduocato
1236 1706 1373 1770 maximo

238 1810 302 1874 rrsni
326 1814 425 1874 amnt.
447 1814 570 1893 praeter
587 1825 642 1874 eos
660 1807 780 1875 multos
798 1808 897 1873 libros
917 1810 971 1892 qni
990 1808 1030 1874 ad
1047 1809 1136 1893 leges
1155 1810 1241 1894 ipsas
1258 1810 1373 1893 iusque

236 1915 429 1999 pertinebant
456 1914 553 1998 probe
580 1916 674 1980 notos
703 1913 848 1979 habebat.
876 1914 1062 1998 scripturam
1092 1933 1213 1981 sacram
1240 1914 1372 1999 diligen·

235 2021 355 2086 tissime
387 2021 558 2096 lectitarat,
592 2019 653 2085 etsi
684 2038 754 2084 raro
786 2019 969 2085 testimonia
1000 2021 1096 2104 longa
1126 2020 1199 2085 inde
1227 2020 1373 2086 desumit

235 2125 484 2192 Christianorum
513 2143 639 2208 quoque
668 2128 831 2190 auctorum
861 2125 1024 2191 scientiam
1053 2126 1192 2209 aliquam
1224 2126 1371 2192 habebat.

233 2235 315 2297 osma
336 2232 421 2296 enirn
446 2235 497 2296 est
514 2231 666 2296 memoria
684 2230 829 2296 lectionis
847 2230 978 2307 Irennei,
998 2231 1197 2309 Tertulliani,
1216 2231 1373 2316 Cypriani,

234 2337 383 2402 Victorini
419 2336 630 2412 Petauiensis,
666 2334 859 2418 (Lactantiii
886 2337 1019 2402 Firmioi·
1043 2334 1228 2420 Maternit'),
1259 2336 1374 2401 Hilarii

233 2442 443 2507 Pictaniensis
475 2440 539 2523 (De
571 2441 739 2522 trinitate),
772 2441 864 2506 Marii
894 2441 1048 2506 Victorini
1072 2441 1140 2506 Afri
1164 2441 1220 2526 (t),
1242 2439 1374 2505 Eusebii

232 2546 453 2622 torcellensis,
476 2547 612 2611 fortasse
635 2546 785 2621 aliornm;
809 2546 866 2611 sed
889 2547 967 2611 haec
990 2546 1134 2629 quaestio
1163 2546 1299 2629 posteris
1323 2549 1376 2610 est

233 2651 445 2736 relinquenda.

270 2758 319 2823 De
357 2762 473 2824 textu
513 2759 745 2842 scripturae
782 2777 921 2824 sacrae
958 2777 1051 2841 quem
1084 2757 1230 2823 adhibuit
1261 2761 1374 2821 auctor

232 2880 327 2946 pauca
351 2862 458 2928 dicere
479 2863 702 2948 possamus.¹)
724 2883 780 2948 per
803 2868 906 2930 totum
930 2867 1024 2928 uetus
1048 2865 1274 2928 testamentum
1298 2879 1371 2926 enm

232 2967 486 3051 interpretatione
513 2987 643 3051 prorsus
672 2969 734 3033 alia
760 2987 796 3033 ac
826 2967 1016 3052 cyprianum
1047 2986 1140 3034 usum
1174 2985 1245 3032 esse
1276 2965 1373 3031 mani·

232 3073 347 3138 testum
365 3078 427 3138 est
442 3072 604 3139 Geneseos
623 3073 749 3138 codices
767 3073 927 3138 uariantes
945 3076 1078 3140 nouerat
1095 3071 1139 3156 (p.
1158 3073 1234 3147 425,
1256 3068 1321 3156 18).
1340 3070 1373 3134 in

234 3178 429 3243 Psalmcrnm
437 3178 518 3244 locis
527 3183 634 3245 textus
644 3177 1108 3263 SangermanensiaSabatario
1119 3176 1203 3243 edito
1213 3176 1374 3259 prorimns

235 3282 421 3366 agnoscitur.
429 3282 461 3346 in
472 3282 572 3348 'lobia
580 3283 797 3366 interpretatio
809 3287 860 3348 est
874 3281 957 3348 tacta
970 3281 1142 3347 secandum
1152 3286 1262 3366 typum
1274 3279 1374 3347 Sinai·

235 3388 293 3465 tici,
316 3406 380 3453 non
404 3386 548 3453 Vaticani
571 3386 627 3471 (ct.
651 3409 680 3471 p.
704 3389 780 3468 363,
806 3389 870 3474 lt).
894 3390 925 3453 in
949 3386 1118 3472 Prophetis
1136 3385 1374 3471 weingartensi

236 3495 344 3561 similis
374 3499 434 3560 est
462 3512 498 3559 ex
520 3494 613 3560 Nono
637 3495 842 3559 'testamento
870 3494 1037 3578 euangelia
1059 3494 1239 3575 Europaeae
1265 3509 1371 3556 recen·

237 3601 327 3667 sionis
347 3602 474 3684 qualem
493 3600 623 3683 praebet
635 3599 737 3666 codor
757 3599 949 3666 Veronensis
968 3599 1015 3681 (o)
1034 3603 1154 3665 textum
1174 3599 1239 3664 tere
1252 3615 1375 3680 reprae-

236 3711 364 3778 sentant.
389 3705 445 3772 sed
468 3725 528 3772 non
551 3724 676 3789 semper
693 3724 767 3770 cnm
787 3705 854 3770 ullo
873 3724 909 3770 ex
929 3704 1093 3771 codicibus
1112 3704 1239 3770 biblicis
1258 3702 1375 3768 nostris

238 3813 395 3879 consensio
411 3809 661 3893 deprehenditur.
679 3811 709 3874 in
725 3812 815 3875 Actis
830 3811 1057 3892 Apostolorum
1071 3813 1183 3875 auctor
1200 3812 1238 3874 ut
1249 3807 1375 3873 Lucifer

239 3926 262 3983 et
281 3918 399 3984 Niceta
422 3914 677 3980 Remesianensis
704 3918 826 3979 textum
854 3914 919 3979 tere
947 3913 987 3978 ad
1015 3913 1147 3979 uerbum
1171 3931 1243 3977 cum
1266 3909 1374 3976 codice

240 4027 359 4110 Qante
393 4022 569 4088 Holmiensi
601 4020 682 4106 (pipp)
714 4021 933 4086 cohaerentem
966 4019 1122 4096 adtribuit,
1153 4020 1185 4083 in
1218 4015 1375 4101 epistulis

241 4130 374 4196 Paulinis
390 4129 556 4212 typum,nt
568 4124 705 4201 uidetur,
715 4122 984 4190 Mediolanensem
1000 4123 1089 4208 (uide
1105 4141 1202 4206 snpra
1216 4143 1244 4206 p.
1258 4119 1377 4201 xxss),

241 4236 317 4304 land
335 4235 475 4301 multum
494 4230 664 4314 aVulgata
682 4229 901 4294 abhorrentem
920 4233 954 4293 et
972 4228 1108 4294 tortame
1127 4225 1260 4293 eandem
1280 4242 1375 4307 quem

243 4345 448 4426 Hieronymus
461 4339 492 4403 in
507 4336 645 4421 Vulgata
658 4332 870 4417 praeparanda
882 4333 1077 4398 retractauit.
1086 4335 1110 4413 ²)
1125 4336 1156 4396 in
1171 4329 1377 4397 mactatione

244 4449 369 4532 lenique
392 4446 499 4529 aliqua
520 4461 594 4508 cum
614 4439 812 4505 Priscilliano
837 4437 1017 4503 communia
1040 4436 1193 4503 inuenies.

281 4551 591 4620 Posterioribus
615 4544 794 4614 saeculis
818 4561 898 4627 opus
926 4541 1161 4618 Geraestiomuu
1186 4541 1297 4623 paucis
1321 4559 1378 4605 no·

247 4668 305 4725 tum
323 4661 426 4725 fnisse
444 4657 579 4722 uidetur.
591 4653 801 4735 Hieronymus
819 4651 853 4730 (†
868 4649 958 4729 420),
979 4652 1015 4711 nt
1032 4646 1186 4723 uidimus,
1205 4645 1377 4729 particulas

250 4765 343 4830 saltam
366 4763 552 4847 perlegerat.
571 4757 744 4826 Eucherius
767 4755 800 4835 (†
814 4772 841 4818 c.
861 4753 937 4832 453)
955 4752 1023 4817 sine
1046 4750 1141 4816 dnbio
1170 4746 1377 4826 Orrceetiones

253 4875 310 4934 ante
329 4868 437 4934 oculos
456 4868 580 4933 habuit:
605 4882 697 4948 saepe
715 4861 797 4927 enim
816 4876 867 4924 res
886 4856 1012 4922 easdem
1031 4858 1148 4920 tractat
1170 4854 1225 4940 (cs.
1244 4850 1376 4932 Quaest.

255 4974 303 5039 llll
325 5001 366 5033 =
394 4974 491 5040 Eucti.
525 4974 617 5038 lustr.
644 4972 659 5036 Ι
687 4968 764 5035 tien.
797 4966 852 5044 22,
880 4960 1010 5042 Quaest.
1038 4959 1067 5024 X
1090 4986 1133 5016 =
1159 4960 1251 5024 Inatr.
1278 4957 1294 5021 1
1321 4957 1376 5020 Er.

295 5178 311 5239 ²}
326 5179 404 5233 Plura
421 5176 528 5232 uidebis
546 5177 574 5231 in
593 5173 683 5244 Stude
699 5173 735 5241 op'
749 5169 957 5229 Ambrosianus,
976 5181 1033 5234 cap.
1052 5164 1078 5228 2,
1094 5165 1122 5227 4,
1140 5165 1166 5218 6.

296 5268 314 5330 ²)
330 5266 357 5320 tn
376 5267 483 5336 aliquot
501 5264 579 5324 locis,
598 5263 674 5318 nslnt
690 5263 752 5328 414,
771 5259 814 5325 22,
838 5259 939 5312 testum
962 5253 1049 5321 magis
1067 5251 1235 5322 primitiarum
1255 5249 1377 5320 praebet.
