3275 6434
1408 990 1632 1002 —z—a.

500 1489 746 1558 XXIIII
1343 1486 1928 1556 Prolessomena.

499 1682 676 1747 illam
724 1683 861 1747 siue
908 1682 967 1745 in
1016 1681 1479 1765 prolegomenis
1517 1680 1814 1746 editionis
1854 1679 2336 1759 Ambrosiasim‘,
2375 1697 2563 1761 quam
2608 1693 2784 1759 prae·

496 1793 693 1870 parat,
743 1787 880 1852 siue
928 1786 1077 1851 alibi
1125 1787 1213 1852 sit
1256 1788 1662 1850 tractaturus.
1710 1785 1868 1849 satis
1909 1785 2028 1849 erit
2064 1783 2271 1850 dicere
2308 1783 2497 1849 hodie
2536 1782 2783 1866 pleros·

496 1911 617 1974 que
654 1892 826 1957 uiros
863 1892 1084 1957 doctos
1124 1891 1401 1974 cogitare
1439 1890 1515 1954 de
1552 1890 1731 1956 Isace
1768 1909 1838 1955 ex
1878 1888 2129 1966 Iudaeo,
2168 1889 2484 1972 quondam
2518 1883 2779 1952 Damasi

496 1997 796 2063 acerrimo
861 1991 1132 2062 inimico.
1197 1996 1356 2060 hanc
1422 1996 1797 2079 opinionem,
1863 2014 2048 2077 quam
2117 1993 2193 2060 G.
2246 1994 2451 2059 Morin
2518 1992 2779 2058 cautius

495 2122 656 2168 anno
709 2104 875 2169 1899
926 2102 1208 2185 protulit,
1238 2099 1288 2186 ²)
1339 2101 1450 2166 sed
1494 2104 1718 2184 postea
1761 2101 2022 2166 missam
2069 2101 2239 2177 fecit,
2264 2098 2316 2184 ')
2372 2099 2577 2164 secuti
2625 2101 2777 2163 sunt

492 2212 738 2290 praeter
808 2208 967 2273 alios
1051 2206 1240 2281 Zahn,
1267 2204 1319 2290 ³)
1390 2207 1582 2284 Bura,
1603 2207 1655 2288 ⁴)
1725 2205 2034 2290 Krueger,
2055 2205 2103 2282 ⁶)
2173 2204 2430 2283 Turner,
2504 2203 2774 2270 Schanz.

494 2313 751 2397 Wittig,
820 2318 1040 2395 utpote
1112 2311 1270 2392 satis
1345 2311 1502 2376 mira
1574 2310 2002 2376 confirmatam
2067 2309 2506 2375 concordantia
2571 2308 2770 2372 Isacia

494 2419 786 2502 opusculi
836 2417 933 2482 De
964 2417 1099 2501 fide
1146 2437 1290 2483 cum
1339 2417 1572 2482 nostris
1617 2417 1680 2481 in
1729 2415 2012 2482 doctrina
2065 2419 2130 2480 et
2182 2414 2351 2481 stilo.
2403 2433 2550 2482 nam
2608 2433 2768 2496 quae

490 2524 568 2590 de
614 2524 747 2590 nita
793 2524 984 2589 huius
1030 2523 1228 2589 Isacis
1270 2523 1602 2589 memoriae
1639 2522 1887 2606 prodita
1924 2524 2073 2586 sunt
2107 2521 2345 2605 optime
2383 2522 2764 2588 concordant

490 2647 674 2695 cum·
704 2629 816 2705 eis,
885 2647 1043 2712 quae
1109 2648 1298 2712 supra
1363 2629 1631 2694 diximus
1697 2627 1773 2692 de
1837 2627 2008 2691 uitae
2071 2626 2419 2693 rationibus
2483 2628 2761 2692 auctoris

499 2734 982 2811 Quaestionum.
1013 2734 1168 2799 nihil
1208 2735 1476 2817 denique
1515 2737 1712 2799 restat
1746 2731 2163 2808 difficultatis,
2200 2749 2312 2796 cur
2338 2731 2764 2815 Hieronymus

490 2840 566 2904 de
594 2847 725 2905 tam
754 2841 989 2922 insigni
1026 2843 1279 2905 auctore
1318 2840 1569 2905 omnino
1610 2839 1876 2916 siluerit,
1916 2839 1971 2904 si
2008 2837 2281 2921 excipias
2318 2855 2513 2902 unum
2551 2836 2759 2903 locum

488 2946 578 3028 (in
628 2946 810 3029 epist.
857 2945 980 3010 Tit.
1030 2948 1091 3021 3,
1141 2948 1233 3028 9),
1281 2946 1388 3011 ubi
1436 2946 1706 3010 occultis
1754 2945 1964 3010 uerbis
2012 2963 2154 3010 eum
2203 2946 2277 3008 ut
2318 2943 2645 3027 quendam
2683 2942 2760 3007 de

487 3051 772 3126 Hem-eis,
828 3052 947 3134 ψη·
996 3073 1062 3115 se
1114 3052 1348 3116 Romae
1403 3052 1471 3114 iu
1531 3050 1863 3115 Christum
1915 3049 2257 3116 credidisse
2308 3048 2683 3130 simulabat,
2706 3048 2755 3133 ’ἢ

486 3156 903 3239 descripserit.
947 3157 1199 3222 Damasi
1237 3157 1402 3222 enim
1442 3157 1737 3222 inimicus
1786 3175 1905 3222 non
1952 3156 2163 3239 potuit
2199 3174 2317 3220 non
2357 3174 2499 3221 esse
2536 3154 2756 3221 Hiero-

489 3281 681 3345 nynn.

571 3366 746 3446 Quae
794 3387 983 3451 supra
1028 3368 1399 3451 scripsimus
1449 3368 1524 3433 de
1572 3368 1811 3433 ratione
1848 3386 2008 3451 quae
2044 3365 2380 3433 intercedit
2412 3368 2578 3432 inter
2612 3386 2761 3432 auco

477 3476 677 3537 torem
715 3477 999 3538 nostrum
1039 3478 1105 3538 et
1137 3472 1384 3538 ltaliam
1425 3473 1977 3557 septentrionalem
2013 3472 2534 3557 Hispaniamque,
2570 3473 2755 3539 facile

481 3577 560 3642 ad
609 3577 935 3643 historiam
984 3578 1181 3643 Isacis
1221 3578 1432 3642 referii
1473 3583 1759 3661 possunt.
1796 3579 1853 3643 is
1891 3579 2054 3644 enim
2094 3579 2172 3643 ad
2213 3582 2523 3643 remotum
2562 3597 2759 3662 ungu-z

479 3682 612 3748 lum
669 3682 1013 3764 Hispaniae
1068 3684 1381 3767 relegatus
1438 3688 1558 3761 est,
1615 3684 1883 3749 fortasse
1940 3684 2089 3766 quia
2141 3684 2230 3748 ibi
2286 3687 2471 3748 natus
2527 3687 2631 3750 est
2692 3690 2759 3750 et

456 3787 621 3853 ,inde
658 3787 922 3852 Romam
970 3792 1245 3853 uenerat.
1293 3789 1748 3870 septentriones
1794 3807 2045 3873 qnoque
2079 3789 2300 3854 Italiae
2336 3807 2480 3854 eum
2520 3789 2756 3856 uisisse

477 3892 754 3976 adeoque
806 3893 1280 3970 Mediolanium,
1346 3894 1647 3959 traditum
1715 3900 1830 3960 est.
1854 3893 1905 3980 ⁷)
1969 3895 2183 3976 itaque
2236 3899 2497 3977 apparet
2548 3895 2752 3960 multa

478 3998 831 4082 conspirare
886 4004 960 4064 ut
1013 4004 1329 4065 auctorem
1397 3999 1856 4076 Quaestionum
1917 4002 2153 4066 ecetem‘s
2215 4006 2276 4064 et
2336 4001 2501 4065 mm·
2564 4006 2756 4066 testa·

477 4104 681 4168 mente?
725 4102 1055 4168 credamus
1101 4105 1297 4169 fuisse
1346 4104 1588 4170 Isacem
1635 4125 1708 4170 ex
1753 4105 2006 4172 Iudaeo.
2032 4106 2085 4190 ⁸)

565 4211 962 4274 Auctores
1021 4227 1350 4292 quorum
1409 4230 1649 4293 opera
1693 4212 1868 4294 ipse
1914 4212 2241 4295 legerat
2284 4212 2563 4278 breuiter
2610 4214 2758 4278 stri-

472 4315 748 4398 ctimque
823 4333 1258 4380 enumeremus
1333 4335 1588 4381 necesse
1664 4319 1778 4381 est.
1846 4317 2217 4399 antiquioris
2282 4318 2511 4382 aetatis
2578 4318 2760 4384 solos

566 4468 605 4535 ι)
639 4468 768 4523 Rev.
808 4467 862 4520 (λ’
899 4469 1050 4523 Hier.
1085 4476 1135 4523 et
1173 4470 1239 4523 de
1274 4470 1408 4524 Liu.
1445 4471 1619 4540 Reliq.
1665 4471 1757 4524 IV
1790 4489 1838 4540 p.
1879 4473 2139 4527 97-121.

565 4559 604 4623 ²)
639 4556 823 4612 Revue
857 4557 1211 4611 Be'ne'dicts'ne
1248 4558 1366 4610 XX
1397 4559 1582 4626 (1903)
1623 4559 1917 4628 118-131,
1956 4561 2024 4615 cf.
2063 4560 2204 4615 infra
2239 4578 2290 4617 n.
2330 4561 2381 4614 8.

561 4645 601 4712 3)
647 4645 1050 4714 Theoloqischea
1085 4645 1519 4702 Literaturblatt
1559 4648 1677 4700 AX
1708 4647 1891 4716 (1899)
1928 4649 2228 4704 313—317.

560 4734 601 4792 ⁴)
640 4733 946 4802 Expositor
971 4735 1124 4787 1899
1159 4733 1214 4786 11
1251 4735 1355 4789 368
1373 4752 1444 4789 ss.

559 4823 602 4886 ·'·)
646 4820 833 4876 Theol.
867 4820 1119 4876 Jalaresb.
1162 4822 1317 4876 XIX
1347 4823 1532 4892 (1900)
1568 4824 1690 4881 217.

556 4905 598 4972 ⁸)
636 4907 806 4962 Locus
844 4923 876 4960 a
911 4906 1055 4961 Zahn
1093 4910 1264 4978 primo
1302 4909 1570 4965 indicatus
1608 4915 1718 4974 est;
1758 4912 1823 4965 cf.
1864 4913 2027 4967 etiam
2069 4913 2293 4981 Scluanz,
2335 4914 2527 4970 (iesch.
2556 4915 2756 4972 Roem.

468 4994 580 5048 Lie.
618 5001 650 5059 §
686 4995 790 5050 945
828 5000 936 5050 etc.

559 5081 603 5147 ⁷)
640 5080 855 5152 wittig‚
895 5100 979 5152 op.
1021 5081 1111 5137 cit.
1148 5100 1202 5154 p.
1240 5086 1292 5137 5.
2259 5131 2277 5158 ⁸

554 5168 598 5236 ⁸)
636 5170 738 5223 Hic
774 5171 1047 5223 mentione
1083 5169 1278 5239 dignus
1307 5177 1392 5226 est
1418 5173 1694 5228 Decimius
1723 5174 2035 5230 Hilarianus
2063 5175 2321 5240 Hilarius,
2349 5177 2436 5231 cui
2464 5194 2563 5246 pro
2591 5178 2749 5234 Isace

467 5273 605 5310 nune
642 5256 794 5310 fauet
829 5256 1000 5309 Morin
1040 5256 1245 5311 (Revue
1272 5258 1624 5316 &scenicum
1654 5261 1764 5315 XX
1791 5264 1973 5333 [1903]
2006 5264 2305 5331 113—131)
2344 5280 2610 5335 quemque
2640 5282 2740 5336 ego

464 5342 592 5396 olim
632 5348 786 5396 caute
824 5342 1165 5398 defenderam
1205 5350 1260 5400 et
1297 5362 1484 5402 omues
1519 5357 1838 5418 respuerunt
1874 5351 2063 5405 critici.
