3275 6434
239 1183 306 1248 232
635 1178 736 1235 Liber
753 1171 985 1250 anrrtiounn

240 1377 361 1440 tarum
394 1391 559 1450 enorum,
591 1372 656 1455 qui
680 1373 875 1437 aoeeculo
907 1374 1005 1437 runt
1037 1374 1076 1437 et
1105 1371 1290 1439 liberauit
1315 1393 1383 1440 uoa

240 1480 284 1546 ab
311 1479 479 1546 inimicis
506 1478 651 1545 nortrir
678 1480 715 1544 et
741 1478 785 1543 de
811 1477 987 1544 manibue
1014 1477 1187 1556 omnium,
1212 1479 1278 1562 qni
1300 1478 1381 1546 ode

238 1589 327 1652 runt
355 1603 431 1664 noe,
461 1583 504 1650 ad
532 1583 742 1651 iaciendum
770 1582 1075 1650 misericordiam
1097 1601 1179 1650 oum
1207 1584 1381 1669 patrituo

238 1691 390 1759 nortrie.
420 1695 454 1757 et
480 1689 607 1758 Simeon
634 1690 718 1755 inter
745 1693 865 1756 cetere:
888 1689 950 1755 hic
981 1690 1133 1772 poeitur
1165 1697 1234 1769 ert„
1266 1691 1380 1774 inquit,

237 1799 275 1867 iu
311 1796 421 1864 ruina
458 1801 495 1862 et
525 1795 563 1862 in
598 1797 883 1862 rerurrectione
915 1796 1120 1862 multorum
1152 1797 1190 1862 in
1223 1795 1428 1866 hrainein

238 1903 316 1970 haec
339 1901 450 1968 ‘ruina’
472 1904 525 1968 eet
541 1901 713 1968 acribarum
734 1904 767 1966 et
783 1900 1004 1966 Farieaeorum
1022 1905 1056 1966 et
1073 1901 1252 1986 principum
1269 1901 1383 1968 Iudae·

237 2027 340 2088 orum,
362 2026 444 2092 quoe
466 2007 590 2090 profeta
611 2005 808 2092 eiguificauit
828 2005 861 2071 iu
885 2009 1018 2073 ‘tumet

149 2095 151 2100 ’
283 2115 312 2180 3.
339 2113 400 2180 Hie
429 2131 504 2198 ergo
536 2131 592 2195 per
618 2110 873 2178 incredulitatem
900 2112 1066 2178 ruentibus
1094 2113 1149 2178 alii
1180 2120 1385 2181 eurrerernnt

237 2219 403 2298 eredendo,
428 2219 483 2302 qui
504 2218 594 2301 prim
616 2216 809 2284 uidebuntur
834 2217 950 2284 infirmi
974 2221 1008 2285 et
1029 2219 1117 2303 aegri
1138 2233 1195 2304 per
1216 2221 1383 2306 neclegen-

236 2326 325 2391 tiam.
356 2323 440 2391 uncle
471 2324 628 2389 eeluator:
658 2322 696 2388 in
729 2322 885 2402 iudicio,
918 2306 973 2408 nit,
1006 2342 1072 2408 ego
1097 2325 1182 2390 ueni
1213 2325 1250 2390 in
1283 2326 1429 2392 huncio

237 2430 423 2509 mundum,
457 2433 499 2495 ut
530 2429 594 2513 qui
625 2448 695 2496 non
730 2428 864 2496 uiuent
896 2428 1052 2495 uideent
1084 2433 1122 2496 et
1153 2431 1218 2515 qui
1249 2430 1384 2498 uident

237 2537 341 2604 cneci
369 2536 478 2613 fiant,
506 2539 543 2600 ut
570 2534 625 2619 qui
651 2534 813 2619 perlegis
842 2535 1000 2601 culturam
1028 2544 1062 2601 et
1086 2536 1234 2621 peritiam
1260 2537 1383 2604 lumina

236 2643 420 2708 uiderentur
440 2660 498 2725 per
519 2641 775 2706 incredulitatem
803 2647 1015 2719 caecarentur,
1043 2643 1128 2708 croci
1156 2662 1243 2722 uero,
1270 2642 1305 2709 id
1332 2640 1384 2712 ert

236 2747 364 2833 inperiti
390 2748 444 2812 uel
466 2746 638 2830 puttoni,
662 2746 817 2824 uiderent,
842 2747 918 2812 dum
941 2745 1113 2813 crederent
1139 2766 1275 2831 quorum
1297 2750 1378 2816 intir-

235 2855 365 2921 mitutea
392 2852 515 2936 profeta
543 2852 735 2918 eucnemon
766 2856 968 2935 pecatorum
994 2852 1158 2937 praedixit
1184 2853 1293 2938 itaque
1321 2857 1381 2923 hoc
1399 2872 1429 2915 ιι

232 2965 377 3045 tempore
400 2958 571 3025 edoetonia
593 2959 714 3024 iactum
739 2962 799 3039 eet,
819 2959 904 3025 siout
922 2958 1041 3045 legitur
1056 2961 1089 3025 in
1108 2960 1287 3045 euangelio,
1307 2963 1381 3045 quia

233 3068 319 3151 ipre
351 3064 603 3131 infimitates
634 3068 785 3131 nostrae
818 3066 967 3148 accepit
999 3071 1036 3132 et
1066 3069 1225 3133 uulnera
1251 3072 1381 3136 nortru

235 3173 396 3239 curauit

280 3281 310 3343 4.
329 3277 417 3359 Quae
436 3275 564 3361 quidem
583 3277 688 3343 omnia
704 3277 735 3342 in
755 3277 901 3361 preeione
920 3278 1092 3346 aaluatoria
1110 3284 1331 3346 conrumrnata
1348 3288 1381 3345 et

234 3383 407 3469 adimpleta
420 3387 508 3458 eunt:
523 3383 570 3448 aie
585 3383 668 3448 enim
683 3384 771 3450 salue
787 3385 915 3449 humaui
930 3384 1053 3470 generis
1068 3389 1133 3450 tam
1148 3385 1233 3471 apud
1246 3405 1379 3470 auperoe
1396 3400 1429 3445 au

235 3509 329 3574 quarn
358 3489 442 3574 apud
468 3489 587 3556 inseror
617 3493 651 3556 et
671 3490 837 3575 redempte
858 3494 909 3557 eet
930 3494 964 3557 et
988 3489 1123 3570 firmata,
1145 3493 1221 3575 qnia
1243 3493 1380 3576 profetia

235 3594 402 3663 Zachariae
436 3615 534 3681 cupra
570 3596 648 3662 dicti
679 3599 851 3680 utmmque
883 3597 1115 3683 conprehendit
1148 3602 1181 3664 et
1210 3599 1264 3665 hic
1295 3600 1377 3665 enim

233 3702 318 3785 apud
336 3720 470 3785 euperoe
488 3702 615 3769 liberati
633 3706 709 3768 aunt
727 3721 747 3768 a
764 3702 953 3769 contritione
970 3703 1172 3770 inimicorum
1197 3703 1378 3771 interuentu

233 3807 467 3873 misericordiae
491 3811 525 3873 et
546 3808 613 3875 illic
636 3808 721 3892 apud
739 3808 866 3884 interce,
887 3828 960 3875 cum
979 3810 1079 3892 erepti
1098 3812 1174 3875 eunt
1191 3809 1229 3875 ‹ie
1247 3814 1377 3878 tartaro.

233 3913 340 3980 cuncti
363 3915 457 3992 euim,
478 3914 532 3997 qui
556 3919 763 3999 coercuerunt
786 3915 818 3980 in
842 3916 1034 3999 promissum
1055 3913 1228 3995 Christum,
1252 3936 1376 4001 ereper-
1393 3930 1425 3973 ὃ

232 4019 343 4084 tubam
356 4018 529 4084 aduentum
544 4019 624 4097 eine,
640 4023 677 4084 ut
696 4018 823 4085 deuicta
841 4023 942 4085 morte
961 4019 1170 4086 liberarentur
1188 4021 1227 4087 de
1245 4022 1377 4089 interno.

322 4225 422 4280 rnre.
441 4225 466 4292 a
485 4227 520 4280 er
584 4225 655 4282 rer.
672 4224 746 4280 ueri.
765 4226 809 4293 eo,
829 4227 864 4280 ιι
928 4227 962 4281 ιι
980 4226 1038 4281 lou
1057 4228 1138 4291 eoo
1198 4229 1232 4282 ιι
1250 4227 1284 4285 cr.
1304 4229 1375 4285 rao.

232 4314 313 4382 ιιι
369 4314 402 4367 ιι
420 4312 521 4368 unctu
540 4313 565 4376 a,
586 4315 619 4368 ιι

270 4423 410 4491 lanarum
430 4435 490 4491 NF
559 4438 616 4506 qni]
636 4437 700 4508 quia
717 4437 751 4491 N
813 4440 929 4493 2runnn
949 4439 978 4492 X
1030 4439 1277 4494 eminenecrtim
1295 4445 1373 4510 (corr⁴

231 4524 427 4590 misericordia)
446 4524 478 4577 N
562 4526 580 4578 4
598 4541 707 4596 symeon
726 4527 760 4579 N
852 4529 869 4581 5
887 4528 965 4581 ruiun
983 4531 1064 4591 (corr.
1082 4544 1117 4581 ιιι.
1135 4542 1187 4582 rec.
1205 4528 1324 4598 rninrrn)
1341 4530 1378 4584 M

230 4614 336 4667 ruinani
352 4611 377 4666 0
392 4614 491 4680 (eoru),
505 4613 590 4667 NGA
662 4615 858 4669 rerurrectione
876 4619 956 4680 (corr.
974 4616 1196 4670 rerurrectiouern
1214 4632 1251 4671 ar.
1263 4623 1328 4685 rec.)
1341 4618 1378 4671 Μ’

231 4705 397 4755 mortuorum
416 4701 450 4756 Μ
525 4702 553 4755 iu
572 4717 623 4758 om.
642 4701 698 4790 F&
759 4704 956 4774 opriueipiuru
976 4703 1378 4773 N0(0orr.),1r(eoer.ea)·

232 4791 247 4844 7
267 4790 348 4843 turris
370 4789 404 4857 ⁶,
424 4793 503 4857 (corr.
524 4790 654 4858 turribus)
672 4793 699 4845 Δ
789 4792 806 4845 8
824 4791 1015 4847 incredulitate
1033 4793 1067 4845 N
1080 4791 1299 4848 incrudelitatem
1320 4794 1372 4850 δή

233 4878 415 4932 leonicetem
438 4879 663 4934 OcnlturumN
731 4880 834 4934 lumine
853 4880 884 4932 N
935 4882 969 4935 14
989 4880 1108 4935 uiderint
1128 4879 1233 4936 om
1285 4883 1318 4937 17
1332 4884 1370 4937 in·

230 4964 415 5033 firmitatieN
465 4965 604 5036 accipito
640 4968 673 5021 19
688 4966 869 5036 pernionirN
900 4967 932 5022 at
951 4967 1128 5039 prophetui(
1160 4967 1376 5023 22ιω1ιιτίι(’

231 5056 265 5107 25
285 5053 331 5123 qui
350 5056 535 5124 epernuerunt]
556 5053 763 5126 dieperuuerunt
776 5055 832 5108 FB
850 5055 1063 5126 deepernueruut
1078 5056 1131 5111 GA
1185 5055 1221 5110 26
1233 5058 1282 5127 ut]
1302 5061 1331 5112 et
1347 5056 1377 5109 P
