3275 6434
673 1057 748 1129 esp.
767 1055 871 1115 cvlm
888 1059 1003 1115 ιιε-ιο.
1334 1061 1404 1127 dd?

259 1248 313 1317 dei
341 1267 416 1318 ecre
445 1251 511 1326 nisi
541 1250 626 1319 dlioc
647 1250 805 1332 dhrrhee,
837 1250 916 1336 quid
942 1255 1088 1337 superesi
1113 1251 1177 1318 nisi
1202 1256 1242 1319 ιιι
1266 1252 1407 1338 exceptis

258 1354 588 1451 lisnsgehnreeieros
601 1356 980 1436 deihshuiesenoiitium
994 1357 1070 1442 quie
1083 1362 1196 1425 notus
1213 1357 1251 1425 in
1266 1356 1408 1425 Iudees

258 1460 377 1530 deus?
405 1461 641 1531 ldeniudmn
664 1465 772 1532 eutem
795 1462 954 1530 ‘secerdos
982 1462 1032 1531 dei
1060 1463 1191 1530 rummi’
1212 1461 1254 1530 sd
1281 1461 1410 1530 henedi-

258 1566 397 1634 cendum
409 1567 570 1635 Ahruhsm
584 1569 732 1653 spperuit
743 1568 784 1635 sd
796 1569 1000 1654 preessgium
1019 1569 1199 1636 lulurornm
1212 1571 1406 1647 unctorum,

228 1674 337 1758 squir
359 1673 543 1742 benedictio
560 1673 749 1742 deude'erui
764 1674 797 1740 in
815 1674 959 1740 lulururn
977 1675 1063 1759 plebi
1081 1674 1131 1742 dei
1150 1694 1208 1760 per
1223 1673 1408 1741 mmmmm

258 1778 326 1846 fore
358 1777 420 1858 dei.
451 1798 547 1863 quom
573 1777 711 1846 dicimus
743 1779 949 1847 rsmrdoteuu
981 1779 1035 1846 hio
1065 1798 1141 1865 ergo
1170 1778 1407 1847 Melchisedech

259 1902 448 1970 prsecurror
468 1884 616 1969 nppnruii
637 1885 826 1951 recrementi
848 1886 950 1952 luturi
974 1885 1034 1951 dlii
1061 1884 1123 1965 dei,
1146 1885 1222 1970 quin
1247 1883 1410 1970 prrecedii

260 1990 302 2058 ed
320 1991 523 2075 obsequium,
541 1992 596 2074 qui
615 1990 723 2057 ordine
740 2009 880 2075 sequens
898 1994 957 2057 est
975 2009 1036 2056 nou
1055 2009 1131 2076 erpo
1148 1989 1330 2056 edmirnndn
1343 1990 1411 2058 riui

261 2115 345 2181 quse
358 2095 497 2163 diximus
509 2095 549 2162 de
563 2094 811 2175 Melchisedech,
825 2095 951 2181 qnando
964 2096 1122 2181 scripture
1134 2096 1175 2163 sd
1188 2095 1409 2164 confusionem

215 2225 245 2272 re
261 2202 516 2287 cheneponfinm
527 2202 602 2286 plur
620 2201 718 2268 eddet
730 2205 764 2268 et
775 2201 872 2268 dicet
886 2204 961 2286 posi
973 2202 1080 2269 omnis
1096 2201 1181 2268 enim
1194 2201 1289 2268 leude
1302 2200 1409 2287 digne,

262 2313 301 2376 ιιι
318 2307 492 2376 couinndsh
512 2308 699 2375 meliuolos:
723 2307 920 2374 similetur
942 2311 1077 2385 eutem,
1100 2307 1216 2391 inquil,
1238 2305 1327 2373 lilio
1350 2306 1409 2373 dei

262 2417 390 2480 menei
411 2413 591 2480 sucerdor
613 2414 651 2479 in
672 2417 912 2498 perpetuum.

308 2520 363 2597 2⁰·
383 2519 552 2586 lnmuide
573 2518 613 2585 de
636 2537 699 2604 quo
717 2520 800 2586 ursle
817 2520 935 2585 sentire
953 2517 1119 2586 contendis
1137 2521 1181 2597 οι,
1200 2519 1229 2584 si
1246 2518 1331 2584 huno
1348 2536 1411 2583 non

262 2626 397 2707 ueneris,
418 2626 473 2692 uel
493 2624 657 2693 christum
680 2628 797 2702 metue,
821 2625 875 2691 cni
897 2625 1012 2692 similis
1026 2623 1204 2710 scripturus
1221 2625 1411 2690 nucheriiste

215 2757 248 2804 rs
263 2731 409 2799 reierlur.
431 2749 489 2816 per
509 2730 651 2798 ordinem
673 2731 758 2798 enirn
781 2731 936 2815 pnulrlim
954 2730 995 2797 cd
1012 2731 1156 2797 neturcle
1173 2729 1244 2796 eius
1262 2729 1411 2795 meritum

264 2837 366 2917 uenit,
384 2842 432 2917 ιιι,
445 2838 475 2902 si
492 2855 574 2921 quor
591 2836 678 2904 dicis
695 2837 859 2922 superiore
875 2840 1049 2914 mouerent,
1068 2836 1185 2923 quihus
1202 2854 1256 2901 rer
1268 2834 1412 2901 iustitiae

265 2947 301 3010 ei
321 2943 410 3027 psci·
433 2942 632 3029 significatus
654 2946 715 3022 est,
738 2947 772 3009 el
789 2943 863 3026 quie
881 2943 914 3007 iu
933 2961 1027 3008 cerne
1049 2941 1142 3007 uisus
1164 2958 1267 3024 neque
1289 2944 1411 3025 petrem

265 3067 369 3132 neque
382 3053 517 3116 metreru
536 3049 658 3126 hebuit,
681 3048 743 3114 hoc
765 3053 816 3115 esi
832 3048 994 3134 ingenitus
1013 3042 1161 3132 apperuit
1181 3064 1285 3130 neque
1307 3049 1413 3112 ortum

265 3173 371 3240 neque
392 3173 543 3222 occasum
564 3155 684 3221 lrebeus
705 3174 744 3221 er
766 3153 829 3234 his,
853 3173 934 3237 queo
952 3153 1066 3220 ultime
1083 3151 1232 3230 subiecit,
1250 3151 1414 3234 superiore

216 3287 250 3334 m
266 3261 433 3330 credibilia
453 3260 689 3328 demonstrerel.
712 3260 784 3345 quis
807 3260 891 3326 onim
913 3259 1030 3325 sudent
1051 3258 1156 3326 dicere
1183 3257 1246 3324 nisi
1274 3274 1411 3324 uersnus

266 3369 348 3435 hsee
369 3368 486 3446 omnis,
509 3387 590 3452 quse
612 3367 764 3434 sublimis
785 3365 872 3432 dicte
893 3368 979 3443 sunt,
1001 3367 1176 3450 incongrue
1193 3382 1265 3429 esse
1281 3362 1340 3444 illi,
1358 3362 1413 3445 qui

268 3474 322 3541 dei
339 3473 407 3540 filio
424 3473 540 3541 similis
559 3473 745 3560 designetur
763 3476 814 3538 esi
835 3490 965 3538 mensus
988 3469 1135 3537 secordes
1153 3469 1410 3554 inperpetuum?

268 3581 386 3649 similis
404 3583 512 3648 eutem
531 3579 582 3646 dei
599 3578 666 3646 filio
684 3598 746 3645 nou
764 3581 873 3663 potest
886 3596 968 3654 esse,
982 3576 1045 3643 nisi
1059 3576 1104 3642 sih
1117 3575 1260 3642 eiusdem
1272 3579 1415 3641 neturus.

269 3692 304 3755 ei
326 3686 403 3773 quid
425 3685 610 3754 incredibile
627 3684 766 3764 uidetur,
785 3684 815 3750 si
831 3681 1070 3751 Melchisedech
1090 3685 1127 3748 ιιι
1143 3681 1238 3748 homo
1257 3679 1413 3766 apperuit,

221 3817 253 3864 ss
270 3788 1033 3880 cuminlellegeturiertieeeeepersouslsienim
1044 3788 1202 3868 christus,
1212 3786 1267 3872 qui
1276 3785 1415 3854 secunde

269 3898 760 3988 peuensecfrequenleruirm
769 3896 860 3964 estin
870 3895 983 3962 hehiiu
996 3894 1145 3974 hominis,
1159 3892 1236 3978 quid
1244 3892 1417 3979 ambigitur

271 4008 311 4076 de
333 4008 374 4074 iis
397 4025 478 4093 quse
495 4005 581 4072 dicte
598 4007 695 4071 suni?
716 4002 856 4089 legimus
874 4001 991 4068 etenim
1007 4000 1040 4066 in
1058 3999 1194 4084 psalmo,
1212 4000 1288 4083 quie
1304 4002 1346 4064 ιιι
1364 4015 1415 4076 ee,

270 4116 386 4200 inquit,
404 4112 582 4181 secerdor
594 4113 632 4178 iu
647 4115 838 4177 ueternum
858 4106 1062 4175 secundum
1077 4105 1243 4173 ordinem
1259 4103 1416 4171 lielchi·

272 4221 411 4290 sedech.
423 4220 485 4286 hoc
497 4238 588 4286 nemo
598 4221 742 4284 uestrum
753 4215 880 4281 dubitet
893 4214 933 4280 ed
942 4213 1062 4281 christi
1071 4211 1227 4296 periinere
1236 4228 1415 4295 personum,

223 4349 254 4397 ro
271 4327 349 4410 quis
365 4325 475 4394 eodem
498 4343 611 4411 gruere
634 4321 781 4389 sucerdos
804 4324 857 4387 est
878 4319 1024 4387 christus
1047 4318 1079 4383 in
1102 4320 1278 4394 ueternum,
1301 4334 1365 4400 quo
1384 4319 1418 4380 et

357 4554 443 4627 ure.
461 4553 541 4617 lul
595 4550 665 4606 cel.
683 4549 766 4608 idchr.
785 4549 846 4618 l,1
899 4546 931 4601 ll
950 4545 1034 4601 idebr.
1052 4545 1111 4608 Ἠ
1161 4544 1195 4600 ld
1213 4540 1416 4609 effebum

274 4645 309 4701 17
329 4642 364 4700 ei.
381 4641 465 4698 Hehr.
484 4640 546 4718 ⁷2⁸
598 4640 634 4694 22
653 4638 687 4698 ri.
705 4638 789 4694 lichr.
806 4634 870 4707 Η
900 4635 957 4725 ,2Ί
976 4633 1024 4689 Ρι.
1042 4632 1138 4697 10⁹,4

310 4765 421 4824 hhlehi
438 4764 467 4819 P
527 4763 655 4819 ruhielem
674 4760 703 4815 P
752 4758 847 4816 hiere
863 4756 925 4814 cdd
943 4756 1029 4811 iorem
1046 4759 1127 4825 (corr.
1145 4754 1215 4821 iore)
1232 4751 1329 4808 Pieri
1346 4750 1418 4811 coni.

271 4853 458 4929 hidros&
524 4848 739 4908 lmmsdsdd.
792 4844 1021 4903 sermome
1092 4841 1236 4928 runccdd.
1291 4838 1419 4901 llrimif

271 4948 348 5006 nrm
366 4948 459 5001 sulem
476 4940 580 5012 lnquit]
599 4940 641 4995 rit
656 4937 793 4993 similetur
810 4939 903 4991 cutem
921 4934 982 4989 cdd.
1038 4933 1072 4989 le
1089 4931 1145 5003 liis]
1163 4931 1199 4986 iis
1215 4929 1277 4985 cdd
