3275 6434
634 1414 710 1487 Cap.
728 1414 818 1473 cvm
836 1415 993 1474 t-cvun
1009 1416 1034 1473 2.
1337 1419 1402 1484 257

550 1606 682 1676 cvllss.
706 1607 762 1674 112
784 1606 1120 1677 unionisnnscfl.

306 1751 336 1816 l.
350 1749 503 1834 Legimus
515 1749 548 1814 in
561 1747 641 1814 libro
657 1745 817 1816 Geneseos
832 1747 871 1818 de
884 1748 1128 1827 Melchisedech,
1143 1749 1240 1816 simili
1259 1760 1354 1817 mooo
1373 1754 1407 1816 et

256 1856 291 1921 in
318 1853 459 1939 epistula
481 1851 556 1920 data
577 1853 788 1933 sollemnes,
811 1854 887 1938 quia
909 1854 1094 1933 obnianit,
1116 1855 1230 1940 iuquit,
1253 1855 1405 1922 llelolni·

258 1960 400 2028 sedealr
417 1959 594 2026 saoerdos
608 1959 668 2026 dei
682 1960 817 2026 summi
832 1959 1004 2026 Abrahae
1017 1960 1229 2031 reuertenti
1251 1980 1270 2028 a
1292 1961 1405 2028 oaede

223 2084 394 2152 aregum
423 2068 462 2132 et
497 2065 661 2150 protulit
691 2084 804 2148 panes
842 2069 880 2131 et
907 2064 1033 2131 uinum
1066 2070 1104 2133 at
1130 2066 1277 2134 obtulit
1304 2066 1339 2133 ei
1367 2069 1407 2132 at

256 2171 458 2240 benedixit
493 2190 574 2238 enm
608 2170 750 2237 dioens:
782 2169 1006 2238 benediotns
1033 2191 1082 2252 es,
1109 2171 1305 2254 abranam,
1337 2172 1405 2240 deo

260 2278 429 2357 erneiso,
452 2276 516 2362 qui
538 2276 633 2343 lenit
655 2275 799 2342 eaelum
824 2278 861 2342 et
887 2278 1033 2354 terram,
1056 2277 1120 2361 qui
1148 2276 1311 2345 tradidit
1336 2278 1405 2345 ini·

259 2384 384 2450 mioos
407 2381 589 2448 tuoasnb
611 2399 742 2449 manus
766 2383 863 2460 tuas,
883 2384 926 2461 et,
945 2385 982 2448 nt
999 2381 1202 2469 signiticaret,
1220 2381 1297 2467 quid
1314 2382 1406 2450 intel·

261 2488 420 2575 legendus
436 2491 524 2554 esset
539 2487 626 2554 idem
643 2485 888 2567 Melchisedech,
907 2486 1039 2554 adiecit:
1057 2487 1140 2555 sine
1164 2487 1276 2554 dnbio
1299 2487 1405 2554 enirn.

217 2610 245 2656 so
262 2593 431 2679 eit‚quod
444 2593 636 2659 minimum
649 2596 717 2671 est,
732 2611 750 2656 a
763 2591 1174 2661 meliorebenedioitnr.
1183 2592 1269 2678 qnod
1278 2593 1405 2678 quidem

263 2719 328 2768 non
343 2700 457 2784 utique
469 2699 509 2766 ad
522 2697 724 2765 traditionem
740 2697 866 2765 retulit
878 2697 976 2765 oldoii
993 2696 1212 2770 eoolaaiastioi.
1230 2699 1303 2784 quis
1321 2701 1404 2766 enim

264 2806 444 2892 ambigeret
455 2806 596 2892 regulam
610 2804 789 2871 traditionis
804 2803 989 2884 dominicae,
1008 2823 1070 2889 qna
1087 2805 1316 2873 benadionntnr
1331 2807 1406 2873 aub-

266 2913 344 2979 ieoti
363 2912 501 2996 domino,
519 2910 684 2977 meliorem
702 2929 772 2977 esee
786 2910 836 2977 liis
851 2910 907 2995 qui
919 2910 1149 2978 benedicuntur
1162 2911 1202 2979 ab
1216 2916 1274 2979 aa?
1287 2910 1405 2979 domini

267 3019 354 3086 enim
377 3017 565 3103 mysterium
589 3018 621 3083 in
644 3017 693 3083 his
717 3016 834 3096 uerbis,
864 3034 945 3101 quae
966 3016 1072 3103 ipsum
1096 3018 1349 3103 complectuntur
1369 3034 1407 3084 ao

216 3137 250 3186 ss
267 3128 456 3200 memorant
471 3126 628 3207 operatur.
645 3141 796 3206 personae
814 3125 920 3189 antem
939 3122 1009 3188 eins
1026 3123 1187 3206 proprium
1206 3123 1355 3190 meritum
1373 3126 1407 3189 et

269 3230 445 3315 potentiam
466 3229 572 3296 noluit
593 3229 814 3296 demonstrare.

315 3339 348 3403 2.
372 3332 453 3415 Quis
476 3355 550 3422 ergo
574 3335 626 3402 lio
655 3338 687 3401 et
714 3337 851 3421 quantus
878 3338 939 3415 est,
968 3333 1008 3400 ad
1035 3334 1128 3400 ouius
1154 3334 1407 3419 conparationem

270 3443 424 3508 minimos
447 3441 565 3508 dicitnr
586 3441 758 3520 Abraham,
782 3459 875 3524 quem
895 3443 1021 3508 oonstat
1040 3441 1073 3506 in
1097 3438 1244 3507 omnibus
1262 3436 1409 3504 fidelibus

272 3550 401 3635 signum
423 3547 538 3614 habere
562 3547 739 3615 testimonii
764 3545 942 3613 nobilitatis
965 3564 1001 3612 ao
1023 3545 1111 3612 fidei!
1134 3544 1234 3631 igitur
1255 3543 1307 3610 lnio
1330 3544 1408 3609 llel·

215 3667 257 3713 υ
272 3653 441 3722 chisedech
468 3671 530 3720 non
557 3654 669 3738 ntique
700 3653 747 3719 sio
778 3652 977 3720 benedixisse
1006 3650 1205 3737 intellegitur
1227 3649 1408 3730 'Abrmmm

272 3760 356 3826 siont
377 3760 499 3826 isoinnt
515 3760 659 3825 homines
678 3757 867 3836 secerdotes,
887 3760 924 3824 nt
941 3776 977 3824 er
996 3756 1194 3843 delegatione
1211 3754 1301 3822 daret
1316 3755 1410 3822 bene·

273 3865 441 3932 dictionem
464 3866 571 3932 uerbis
595 3865 801 3944 solemnibus,
829 3864 886 3930 sed
912 3863 1003 3948 qussi
1030 3863 1204 3948 proprium,
1227 3880 1321 3946 qnam
1348 3880 1409 3928 non

272 3990 325 4056 per
334 3972 441 4049 nerle
453 3970 508 4037 sed
517 3990 574 4054 per
582 3974 725 4037 netnmm
734 3970 857 4054 eooepit
866 3968 1126 4049 substantialiter,
1137 3972 1174 4034 ot
1183 3968 1227 4035 sit
1235 3969 1265 4035 ei
1274 3967 1408 4054 proprio.

359 4179 477 4236 tneor.
496 4180 555 4245 7,]
611 4177 715 4234 tGan.
734 4179 777 4247 1⁴,
796 4178 831 4234 is
884 4175 988 4234 dilen.
1006 4178 1050 4246 14,
1069 4176 1111 4234 12.
1130 4176 1166 4231 20
1219 4173 1407 4241 tiletum

272 4269 560 4338 leot.oeo.1t,11
616 4268 649 4322 21
670 4266 704 4322 oi.
723 4265 806 4321 Heba.
825 4266 852 4336 l,
869 4267 896 4322 8.
913 4264 949 4320 28

306 4393 377 4450 lde
394 4391 593 4450 melchisedeoh
613 4390 678 4446 odd.
699 4388 782 4445 ONX
849 4386 985 4444 thebasa
1003 4387 1041 4442 Π
1107 4383 1224 4441 aceede
1242 4382 1347 4456 mm]
1365 4399 1409 4438 so·

267 4484 353 4542 caede
371 4489 428 4554 (nr.
449 4498 502 4540 es.
521 4482 552 4546 l.)
569 4496 663 4551 regum
681 4479 718 4534 It
733 4476 861 4535 aoeedere
878 4481 959 4547 (eon.
975 4479 1024 4532 12
1040 4472 1137 4530 secede
1154 4474 1261 4542 meam)
1280 4470 1305 4527 0
1350 4473 1412 4527 tet

267 4573 471 4643 mom?
518 4573 597 4626 oco
616 4567 722 4624 cm
792 4565 961 4622 amandae
980 4563 1046 4622 odd.
1064 4562 1158 4633 1η.
1178 4559 1278 4617 GM·
1311 4557 1411 4629 dsub]

267 4665 297 4719 io
317 4662 348 4716 N
392 4662 427 4719 lo
445 4659 512 4733 qnid
529 4663 598 4730 (pr.)
619 4659 653 4723 θ,
670 4659 766 4729 (ooo-r.)
783 4657 811 4713 A
869 4653 1047 4711 bonodieatar
1062 4651 1091 4708 P
1108 4652 1209 4720 (com).
1226 4648 1257 4703 X
1271 4647 1312 4718 (Δ
1329 4648 1411 4714 oon.)

270 4753 302 4807 11
323 4751 420 4807 retulit
437 4749 509 4819 1²‚0
525 4749 625 4818 (eom),
643 4745 701 4801 ΚΧ
717 4744 838 4801 rattullit
854 4743 893 4798 Μ
982 4737 1098 4797 otsseiss
1186 4737 1221 4791 12
1238 4733 1368 4791 dominici
1388 4730 1413 4787 0

269 4837 398 4910 abiecti]
422 4838 539 4895 subiecti
562 4838 635 4893 enlm
660 4835 715 4892 GA
803 4833 838 4887 14
861 4834 905 4887 eat
925 4829 1083 4900 mysterium
1106 4825 1215 4895 (mist-l
1235 4820 1308 4892 θ,Δ
1329 4824 1410 4886 (eurr.

267 4932 317 4985 n2
336 4946 390 5000 sao.
412 4933 456 4984 ast
477 4927 668 4993 ministerium)
776 4921 810 4976 15
833 4917 934 4990 auteml
956 4917 992 4973 ho
1015 4916 1051 4972 Ι
1072 4913 1149 4984 (asido
1178 4909 1298 4979 riute,
1319 4905 1412 4964 rom

271 5019 383 5086 Areten
404 5016 507 5072 XXVI
526 5018 587 5071 233
608 5016 691 5083 seqq.)
798 5008 832 5066 12
854 5007 954 5063 hebere
976 5009 1003 5077 (a
1025 5004 1076 5059 olt.
1098 5003 1131 5057 isa
1155 4999 1224 5069 res)
1249 4996 1274 5052 0
1297 4992 1412 5051 haberat

271 5105 303 5159 N
369 5104 524 5160 nubilitetis
541 5103 574 5158 N
658 5102 691 5157 21
712 5097 850 5164 omnent!
919 5093 1081 5150 dalloatione
1098 5091 1127 5146 P
1142 5085 1310 5158 dilqnflona
1330 5081 1413 5139 CM

270 5195 306 5250 22
323 5193 516 5263 aonampnibns
535 5192 570 5247 u
585 5189 764 5248 solem-uibus
782 5186 812 5241 o·
881 5183 1016 5256 propriam
1033 5179 1063 5235 P
1112 5179 1149 5234 22
1167 5170 1311 5246 ancipiti)
1370 5170 1411 5226 aio

273 5284 365 5353 (oon.)
381 5281 420 5339 Π

299 5409 323 5452 ι
338 5409 450 5458 ἠώς.
465 5407 559 5456 ema.
574 5410 627 5446 test
1341 5364 1375 5422 U
