3275 6434
1534 670 1542 678 -ι

1540 978 1754 994 -———·

1073 645 3051 1094 —

653 1436 732 1501 18
1443 1432 1644 1486 Liber
1680 1433 2142 1501 quaestionum

646 1626 888 1691 multos
950 1627 1232 1710 angelos,
1296 1624 1362 1689 id
1426 1628 1526 1689 est
1588 1623 1906 1708 spiritales
1959 1623 2303 1706 potentias,
2358 1643 2573 1690 secum
2632 1627 2693 1690 in
2750 1643 2925 1707 prae·

646 1731 1029 1797 uaricatione
1076 1730 1363 1806 traxisse,
1411 1728 1561 1793 dum
1617 1730 1765 1793 uult
1816 1728 1941 1794 sibi
1994 1746 2258 1812 regnum
2312 1729 2509 1814 impia
2558 1749 2926 1815 praesump-

647 1837 820 1904 tione
884 1836 1236 1902 defendere.
1300 1835 1470 1918 quod
1534 1835 1781 1919 profeta
1824 1834 2044 1900 Essias
2091 1835 2409 1920 significat
2461 1834 2705 1902 dicens:
2774 1854 2923 1918 quo

653 1942 878 2008 modo
908 1940 1216 2007 cecidit
1252 1940 1341 2005 de
1380 1940 1603 2006 caelo
1642 1938 1993 2015 Lucifer,
2032 1940 2168 2023 qui
2206 1959 2426 2005 mane
2462 1939 2927 2006 oriebatur?

646 2047 716 2112 id
742 2051 842 2113 est
876 2047 1009 2130 ‘qui
1044 2047 1269 2112 ceteris
1307 2045 1579 2111 lucidior
1622 2045 2003 2130 apparebat’.
2046 2050 2180 2111 erat
2214 2047 2379 2112 enim
2417 2047 2600 2130 quasi
2636 2047 2927 2131 princeps
2987 2066 3015 2110 s

649 2153 1015 2231 multorum,
1054 2153 1219 2218 inter
1254 2170 1411 2234 quos
1451 2151 1679 2218 clarior
1714 2155 1868 2230 erat,
1899 2171 2163 2234 quorum
2202 2152 2504 2218 societate
2541 2153 2622 2218 ad
2653 2153 2924 2236 impium

649 2258 975 2325 descendit
1003 2262 1336 2325 certamen.
1365 2256 1586 2323 uidens
1616 2258 1782 2322 enim
1811 2256 1973 2321 infra
2000 2275 2070 2322 se
2095 2259 2334 2323 multas
2361 2258 2678 2342 spiritales
2709 2261 2927 2341 poten·

648 2364 793 2442 tias,
841 2364 1075 2447 quippe
1120 2383 1264 2430 cum
1311 2364 1373 2428 in
1421 2362 1711 2447 paradiso
1761 2361 1859 2426 dei
1908 2363 2326 2445 praestantior
2358 2368 2531 2430 esset
2565 2363 2928 2448 cognitione

649 2469 936 2553 mysterii
982 2470 1296 2548 caelestis,
1342 2469 1482 2552 ipsa
1527 2468 1798 2533 elatione
1843 2467 2100 2534 inflatus
2145 2468 2355 2534 uoluit
2396 2467 2522 2534 dici
2569 2467 2754 2547 deus,
2805 2470 2925 2535 hac

651 2574 899 2640 scilicet
949 2574 1211 2652 ratione,
1268 2590 1393 2656 qua
1445 2572 1636 2637 etiam
1691 2573 1756 2637 in
1810 2573 2125 2655 praesenti
2178 2573 2315 2638 uita
2369 2574 2721 2657 exemplum
2780 2575 2921 2641 eius
2966 2591 3017 2633 ιο

650 2679 958 2763 quosdam
1000 2679 1285 2746 imitatos
1323 2677 1637 2757 uidemus,
1677 2678 1785 2760 qui
1822 2678 2348 2761 contemplatione
2384 2679 2714 2764 adgregati
2751 2679 2927 2745 circa

651 2803 722 2850 se
755 2784 982 2850 militis
1020 2783 1287 2850 extolliti
1323 2783 1706 2849 satellitibus
1741 2784 1808 2849 in
1845 2783 1964 2849 hac
1998 2802 2065 2847 re
2099 2783 2390 2850 fomitem
2428 2785 2921 2869 conspirationis

651 2889 1097 2973 praebentibus
1143 2889 1478 2973 imperium
1530 2888 1654 2954 sibi
1700 2888 2018 2954 uindicare
2064 2888 2423 2956 uoluerunt.

740 2998 803 3062 8.
860 2994 1023 3060 Hinc
1076 2999 1177 3060 est
1227 2993 1394 3060 unde
1450 2993 1629 3070 deus,
1686 2997 1762 3059 ut
1814 2994 1952 3060 eius
2008 2996 2583 3079 praesumptionem
2639 3015 2761 3062 non
2822 3015 2930 3080 po·

651 3103 906 3179 testate,
953 3098 1065 3164 sed
1099 3099 1341 3165 ratione
1377 3098 1752 3177 destrueret,
1796 3099 2124 3163 materiam
2185 3098 2485 3176 condidit,
2534 3120 2694 3184 quae
2752 3105 2928 3168 esset
2969 3118 3020 3163 ιε

653 3224 862 3271 rerum
909 3204 1219 3281 confusio,
1268 3223 1338 3268 ex
1376 3221 1499 3286 qua
1543 3203 1777 3269 faceret
1821 3203 2147 3269 mundum.
2195 3204 2495 3271 distincta
2538 3207 2725 3285 enim,
2766 3225 2928 3289 qnae

654 3309 850 3376 simul
895 3310 1156 3375 confusa
1200 3313 1397 3387 erant,
1444 3309 1610 3373 hunc
1656 3309 2108 3392 praestiterunt
2162 3329 2348 3392 quem
2402 3310 2695 3377 uidemus
2754 3330 2929 3377 orna·

650 3419 810 3481 tum.
848 3414 1139 3479 discretis
1171 3415 1336 3478 enim
1376 3414 1452 3479 ab
1490 3413 1766 3479 inuicem
1804 3414 2181 3480 substantiis
2209 3415 2377 3480 facta
2403 3417 2927 3502 conpaginatione

653 3519 928 3586 mundus
984 3523 1270 3598 uocatur,
1336 3519 1485 3603 quia
1540 3538 1665 3585 una
1717 3538 2002 3603 quaeque
2056 3539 2157 3585 res
2213 3521 2287 3585 ab
2345 3522 2541 3586 altera
2595 3526 2931 3608 segregata

655 3625 733 3690 ad
777 3624 1083 3691 mundum
1128 3624 1438 3710 apparuit,
1494 3628 1568 3690 nt
1608 3618 1717 3690 hic
1753 3626 1943 3690 homo
1990 3627 2259 3708 positus,
2307 3631 2555 3693 creatus
2603 3646 2675 3693 ex
2713 3645 2931 3712 super·
2964 3643 3013 3689 so

654 3731 751 3796 nis
808 3735 876 3797 et
924 3731 1166 3808 inferis,
1233 3730 1299 3795 id
1366 3734 1465 3796 est
1527 3750 1597 3795 ex
1655 3731 2034 3797 caelestibus
2109 3737 2176 3797 et
2233 3734 2520 3811 terrenis,
2578 3733 2770 3800 unius
2826 3733 2928 3801 dei

655 3836 979 3902 dominum
1043 3854 1164 3902 non
1230 3840 1476 3901 tantum
1533 3855 1716 3913 uoce,
1772 3837 1884 3902 sed
1947 3841 2013 3903 et
2073 3838 2367 3922 imagine,
2432 3857 2557 3920 qua
2618 3858 2785 3904 unus
2850 3839 2929 3904 ab

655 3960 779 4007 uno
827 3941 944 4007 deo
998 3940 1203 4007 sactus
1261 3946 1381 4017 est,
1438 3961 1509 4010 ex
1565 3961 1688 4025 quo
1746 3942 1936 4008 ceteri
1983 3943 2315 4020 orirentur,
2362 3943 2742 4010 ostenderet.
2784 3943 2929 4011 ideo

658 4046 823 4111 enim
887 4065 1050 4112 unus
1115 4066 1309 4112 unum
1375 4047 1550 4126 fecit,
1615 4052 1690 4113 ut
1753 4046 2004 4114 doceret
2056 4048 2134 4113 ab
2191 4068 2315 4115 uno
2380 4067 2521 4115 esse
2575 4049 2790 4116 omnia
2857 4068 2933 4116 ac

653 4170 766 4234 per
808 4152 926 4217 hoc
971 4170 1168 4217 unum
1207 4171 1349 4219 esse
1387 4152 1594 4233 deum,
1635 4157 1707 4217 ut
1744 4153 2029 4235 superior
2058 4158 2343 4219 creatura
2379 4154 2458 4219 ad
2494 4153 2930 4220 confusionem
2964 4171 3018 4218 at

656 4275 836 4322 suam
900 4257 961 4321 in
1029 4257 1280 4323 homine
1337 4257 1628 4334 disceret,
1695 4257 1804 4340 qui
1867 4276 1901 4322 s
1965 4263 2130 4322 terra
2202 4259 2491 4324 conditus
2568 4266 2688 4336 est,
2764 4260 2931 4325 ueri·

655 4367 869 4427 tatem.

832 4568 866 4622 s
903 4566 1046 4622 Enni.
1088 4568 1171 4635 14,
1212 4565 1277 4621 12

728 4757 755 4810 1
797 4757 853 4809 in
891 4771 993 4809 oni.
1029 4756 1182 4810 Mal
1323 4757 1838 4828 praeuaricationem
1876 4756 2038 4812 PGA
2136 4758 2170 4810 2
2208 4758 2330 4822 uult
2364 4773 2469 4813 om.
2508 4758 2569 4811 X
2672 4761 2706 4816 8
2743 4759 2933 4815 desen·

657 4842 810 4898 deret
844 4842 1159 4911 Amsssms,
1199 4843 1330 4898 add.
1370 4843 1518 4897 nisus
1554 4848 1639 4897 est
1680 4843 1828 4898 6¹³2
1981 4845 2013 4898 7
2052 4843 2259 4899 dicedit
2289 4848 2473 4913 (eor-r.)
2508 4844 2556 4900 0
2690 4846 2840 4901 iutra
2874 4845 2939 4899 X

661 4928 725 4984 12
763 4928 966 4983 milites
1001 4928 1256 4992 MNFA,
1295 4936 1453 4994 (corr.
1486 4935 1602 4998 2⁸2)
1646 4931 1752 4986 ΘΒ
1904 4931 2118 4986 extuliti
2155 4931 2278 4988 Pu
2442 4932 2729 4988 satellibus
2767 4937 2934 4999 (eon.

655 5019 769 5084 ¹⁸⁸3)
823 5014 897 5071 Π
1047 5017 1113 5071 14
1168 5019 1604 5088 praesumptione
1660 5019 1722 5072 X
1867 5021 1937 5075 20
1991 5019 2270 5091 mundum]
2325 5019 2583 5075 mundum
2636 5028 2692 5076 et
2731 5029 2934 5092 poma

656 5102 852 5172 aliqua
892 5119 936 5158 s.
984 5104 1021 5158 1.
1064 5120 1232 5168 eram
1285 5122 1387 5176 my.
1441 5106 1713 5176 ylomtor
1759 5107 1890 5162 add.
1946 5113 2008 5162 ut
2062 5108 2152 5163 hic
2204 5108 2366 5163 homo
2413 5110 2625 5179 positus
2680 5113 2935 5180 apparuit

655 5193 859 5352 ongum
894 5194 1144 5334 ivlivtextu
1172 5195 1243 5248 Μ
1346 5197 1415 5251 25
1453 5195 1540 5266 adl
1580 5197 1648 5250 ab
1684 5199 1866 5268 (corr.)
1891 5197 1967 5252 M
2069 5198 2139 5253 26
2177 5214 2206 5252 e
2243 5213 2347 5253 om.
2384 5197 2538 5264 (add.
2564 5200 2660 5253 ¹⁸⁸3
2692 5214 2738 5254 s.
2776 5199 2940 5267 mu

657 5295 714 5335 es
799 5305 884 5331 m
