3275 6434
1231 1445 1378 1520 Osp-
1415 1445 1612 1503 CXXV
1645 1447 2006 1505 ss—cxxvl
2040 1448 2094 1504 8.
2666 1450 2799 1518 898

525 1641 591 1706 in
629 1641 990 1726 euangelio:
1029 1641 1161 1725 qui
1202 1659 1349 1706 non
1388 1639 1857 1721 crediderit,
1897 1640 2123 1724 inquit,
2167 1640 2320 1706 iam
2367 1639 2798 1708 indicatus

524 1750 672 1822 est,
728 1749 803 1812 ut
845 1765 957 1831 per
997 1747 1118 1812 hoc
1174 1765 1342 1825 eum,
1397 1746 1506 1828 qui
1562 1745 1916 1824 crediderit,
1972 1765 2092 1811 non
2148 1744 2382 1811 iudicio
2439 1745 2797 1813 subiectum

519 1850 608 1916 sd
662 1852 1037 1917 sententiam
1102 1850 1530 1933 excipiendam
1593 1850 1891 1936 signaret,
1957 1849 2071 1916 sed
2133 1849 2279 1916 fidei
2331 1849 2558 1917 merito
2610 1849 2797 1915 leude

523 1956 789 2041 dignum
832 1958 1141 2022 futurum.

460 2081 491 2126 s
616 2064 679 2126 2.
723 2062 929 2147 Igitur
971 2061 1250 2146 cognitio
1298 2061 1397 2127 dei
1444 2061 1604 2126 hanc
1648 2061 1841 2127 habet
1893 2061 2416 2146 praerogatiuam,
2462 2063 2537 2125 ut
2580 2078 2798 2144 pecca·

522 2171 739 2233 torum
780 2171 1200 2251 consequatur
1235 2168 1519 2233 remissa.
1549 2166 1808 2233 credens
1836 2166 2004 2232 enim
2032 2166 2133 2231 dei
2171 2184 2311 2232 esse
2345 2166 2549 2231 filium
2585 2164 2796 2230 Iesum

525 2272 758 2358 dignus
804 2273 1068 2338 exsistat
1110 2273 1189 2338 ab
1238 2273 1527 2338 omnibus
1571 2271 1824 2338 liberari
1870 2272 2169 2358 peccatis.
2224 2272 2335 2338 diu
2380 2272 2549 2337 enim
2596 2288 2799 2338 errore

526 2378 777 2455 deuius,
823 2395 968 2442 cum
1018 2397 1127 2462 per
1171 2377 1426 2443 diuersa
1468 2378 1854 2464 ignorantiae
1897 2377 2197 2443 fluctibus
2241 2377 2601 2455 iactantur,
2638 2375 2797 2443 inlu·

525 2482 806 2548 minatus
853 2483 1140 2548 ueritatis
1188 2501 1448 2548 corusco
1509 2483 1843 2549 stationem
1899 2485 2164 2549 nanctus
2211 2487 2330 2559 est,
2376 2483 2440 2548 in
2487 2501 2611 2565 qus
2652 2481 2802 2564 post

431 2606 491 2651 ro
526 2588 757 2653 nimias
811 2590 1223 2672 tempestates
1277 2588 1634 2670 requiescat
1679 2606 1962 2666 securus,
2009 2589 2112 2653 cui
2168 2588 2478 2672 congruit,
2535 2589 2609 2652 nt
2651 2590 2799 2670 post

528 2693 954 2778 cognitionem
1010 2696 1322 2776 temperet
1363 2694 1441 2756 ab
1486 2693 1608 2768 his,
1654 2712 1819 2776 quse
1862 2694 1988 2758 ism
2036 2692 2276 2776 pridem
2331 2693 2397 2758 in
2449 2692 2800 2776 ignorantis

527 2799 781 2883 positus
826 2799 1072 2882 agebat.
1121 2798 1271 2881 quid
1319 2798 1481 2863 enim
1527 2798 1789 2881 prodest
1833 2799 2129 2882 cognitio,
2178 2798 2234 2863 si
2280 2800 2493 2863 manet
2532 2797 2803 2881 pristina

531 2903 970 2969 conuersatio?
997 2903 1146 2968 hinc
1175 2903 1338 2969 enim
1370 2904 1511 2986 quis
1548 2902 1807 2967 uidetur
1840 2903 2218 2988 cognouisse
2256 2902 2467 2980 deum,
2505 2903 2563 2968 si
2597 2901 2796 2967 uitam

528 3011 743 3074 mutet
784 3011 849 3073 et
892 3009 1435 3073 conuersationem
1479 3026 1679 3073 susm.

431 3134 493 3180 u
623 3115 680 3177 3.
728 3112 1032 3197 Cognitns
1080 3113 1245 3179 enim
1291 3112 1449 3179 deus
1492 3112 1705 3179 timeri
1749 3112 1956 3189 debet,
2005 3112 2151 3196 quis
2196 3112 2592 3179 iudicaturus
2628 3130 2801 3195 prce·

532 3218 799 3295 dicetur,
831 3222 905 3284 ut
931 3220 998 3284 et
1020 3217 1239 3284 fideles
1274 3218 1557 3285 iustitiae
1594 3236 1750 3283 suse
1783 3219 2135 3302 percipiant
2168 3218 2443 3284 fructum
2490 3221 2557 3283 et
2599 3216 2799 3300 impii,

529 3324 598 3388 id
635 3327 737 3389 est
768 3323 1093 3401 increduli,
1133 3322 1427 3408 perfidiae
1463 3342 1615 3388 suse
1653 3341 1964 3410 congruas
2000 3342 2232 3408 poenas
2271 3323 2619 3388 exsolusnt.
2658 3339 2802 3387 con-

531 3430 711 3493 uenit
736 3431 902 3494 enim
930 3429 1137 3494 iustos
1173 3429 1235 3494 in
1272 3429 1488 3495 futuro
1526 3429 1819 3517 gaudere,
1855 3430 1964 3495 ubi
2001 3428 2292 3514 regnabit
2328 3428 2618 3496 Christus
2655 3446 2801 3493 cum

531 3533 693 3610 suis,
735 3537 814 3598 ut
855 3534 965 3617 qui
1009 3534 1073 3600 in
1119 3537 1373 3600 saeculo
1428 3534 1764 3617 obprobrio
1826 3538 1979 3600 sunt
2029 3539 2096 3600 et
2147 3535 2395 3600 iniuriis
2450 3533 2799 3608 subiacent,

430 3658 498 3705 ω
530 3638 597 3704 ἰιι
643 3657 766 3721 quo
812 3639 1101 3723 princeps
1148 3644 1250 3704 est
1293 3640 1601 3719 diabolus,
1647 3642 1711 3705 in
1757 3660 1949 3725 regno
2011 3640 2248 3708 Christi
2301 3639 2562 3725 gloriosi
2616 3655 2802 3723 apps-

531 3747 728 3821 resnt,
775 3755 1031 3828 propter
1074 3765 1258 3829 quem
1307 3745 1815 3830 contemptibiles
1860 3745 2122 3812 iudicati
2170 3750 2321 3812 sunt
2363 3765 2401 3811 s
2444 3744 2803 3822 mundanis,

532 3851 806 3916 iniustos
869 3855 1102 3929 sutem,
1166 3852 1317 3934 quis
1374 3852 1537 3917 falso
1596 3849 1820 3918 florere
1872 3851 2187 3931 uidentur,
2242 3870 2354 3935 per
2406 3850 2798 3916 mendacium

532 3961 957 4040 repugnantes
1020 3956 1275 4021 ueritati
1338 3957 1400 4021 in
1464 3974 1666 4038 poena
1732 3956 2042 4035 tribulari,
2103 3960 2182 4022 ut
2242 3956 2349 4040 qui
2412 3975 2523 4039 per
2584 3954 2801 4020 sucum

528 4061 797 4147 gloriosi
845 4062 970 4127 uisi
1007 4063 1157 4128 sunt
1197 4081 1309 4147 per
1358 4081 1578 4127 uerum
1618 4062 1899 4147 despecti
1936 4066 2001 4127 et
2034 4061 2354 4127 humiliati
2391 4061 2581 4126 nimis
2616 4079 2802 4143 appa·

434 4187 500 4234 n
533 4169 731 4232 resnt.
788 4168 936 4232 tunc
991 4167 1156 4232 enim
1218 4168 1375 4232 iusti
1439 4167 1786 4234 credidisse
1840 4186 1909 4233 se
1964 4167 2262 4252 gaudent,
2324 4185 2469 4232 curn
2533 4164 2804 4251 perfidos

534 4271 811 4337 uiderint
853 4273 1139 4352 cruciari,
1181 4278 1246 4337 et
1279 4291 1395 4339 nec
1431 4272 1781 4356 paenitebit
1813 4271 2085 4355 perfidos
2122 4291 2242 4339 non
2283 4271 2643 4349 credidisse,
2678 4271 2802 4336 nisi

717 4530 743 4583 1
781 4528 898 4585 1011.
938 4530 987 4595 3,
1028 4530 1096 4585 18
1204 4531 1272 4584 15
1308 4529 1376 4585 οἰ.
1413 4530 1470 4586 11
1505 4530 1641 4586 Tim.
1675 4532 1730 4600 4,
1772 4532 1795 4585 1

608 4688 642 4740 6
681 4686 1183 4760 οοιιιοςιιιιιιιπβ.
1224 4691 1384 4750 (corr.
1419 4691 1518 4742 πθ
1551 4693 1675 4759 my.)
1711 4691 1764 4744 Δ
1945 4690 1975 4743 7
2015 4687 2229 4743 exsistit
2262 4687 2318 4741 Ρ
2488 4687 2558 4741 sb
2594 4701 2698 4742 on.
2736 4686 2810 4740 Μ

536 4775 574 4830 9
601 4790 819 4829 corusco
845 4773 1161 4844 stationem]
1179 4775 1600 4830 coruscationem
1628 4774 1913 4830 MCNFB
1940 4775 2311 4830 coruscatione
2341 4772 2448 4828 ΘΔ
2553 4776 2807 4844 nanctus]

537 4862 805 4916 sancciins
845 4861 894 4915 G
998 4862 1059 4917 11
1101 4863 1156 4915 in
1193 4862 1556 4932 ignorantiam
1592 4862 1668 4932 (m
1706 4865 1846 4931 ap.)
1880 4862 1958 4916 M
1982 4862 2409 4932 ininignorsntis
2449 4862 2498 4917 G
2594 4861 2660 4915 12
2696 4861 2803 4932 pri·

535 4950 682 5004 stine
722 4948 771 5003 G
892 4950 958 5004 13
992 4949 1083 5004 hic
1120 4950 1180 5002 X
1300 4951 1365 5004 16
1403 4949 1578 5005 fidelis
1618 4949 1773 5005 cm
1908 4950 1972 5004 17
2010 4949 2215 5005 crudeli
2252 4950 2312 5004 X
2440 4949 2506 5004 18
2535 4949 2719 5004 iustus
2754 4949 2811 5003 P

536 5037 791 5106 regnauit
824 5037 998 5092 Puo
1174 5039 1239 5092 19
1275 5039 1368 5107 qui
1404 5053 1509 5092 om.
1546 5037 1787 5093 MGNX
1816 5040 1989 5107 (Δηιθ
2024 5037 2154 5092 add.
2192 5038 2354 5107 sient)
2530 5035 2806 5107 obprobrii

537 5128 668 5178 sunt
700 5124 756 5178 Ρ
787 5128 917 5178 sunt
951 5123 1239 5194 obprobrio
1281 5125 1448 5180 CNx
1599 5126 1672 5179 22
1708 5126 1802 5194 qni
1838 5125 1905 5179 N
2036 5126 2107 5179 28
2143 5141 2240 5195 per
2272 5124 2471 5194 fucum]
2508 5124 2805 5195 perfectum

536 5209 771 5266 fructum
808 5213 865 5267 P
896 5217 944 5280 (r
979 5213 1078 5268 alt.
1115 5215 1260 5282 exp.)
1469 5215 1538 5268 24
1575 5213 1808 5283 dispecti
1850 5211 1952 5268 OG
2189 5212 2489 5267 humilitati
2526 5215 2711 5282 (corr.)
2747 5210 2814 5265 N

538 5297 610 5354 25
644 5299 780 5354 iusti
817 5301 957 5355 cuim
999 5299 1106 5355 ΟΔ
1248 5316 1307 5356 se
1342 5317 1445 5356 om.
1480 5302 1611 5356 ΜΧ
