3275 6434
1317 1404 1465 1479 cap.
1503 1404 1752 1464 cxxvn
1786 1407 2017 1464 ειη-ω.
2676 1411 2807 1476 415

519 1606 589 1668 et
624 1601 932 1688 dignitate
965 1619 1081 1668 sna
1128 1604 1195 1668 et
1226 1600 1435 1686 legem
1472 1600 1742 1667 habere?
1778 1604 1881 1667 est
1914 1600 2083 1666 enim
2120 1599 2291 1684 qnod
2327 1599 2582 1667 omnino
2620 1618 2804 1686 gene·

517 1707 739 1773 taliter
781 1706 1075 1774 omnibns
1121 1726 1244 1773 non
1286 1704 1507 1781 liceatz
1553 1709 1656 1772 eet
1696 1705 1930 1772 iterum
1969 1704 2138 1790 quod
2176 1704 2318 1773 aliis
2352 1704 2505 1772 licet
2553 1709 2620 1772 et
2664 1705 2809 1773 aliis

521 1831 647 1878 non
700 1813 883 1889 licet;
939 1817 1006 1878 et
1058 1817 1159 1880 est
1210 1810 1385 1896 qnod
1437 1810 1776 1896 aliquando
1828 1811 2002 1890 licet,
2070 1811 2404 1895 aliqnando
2469 1830 2621 1878 uero
2686 1830 2809 1880 non

520 1918 762 1985 liceret.
809 1917 1101 1983 fornicari
1146 1916 1443 1984 omnibns
1491 1934 1743 2000 semper
1783 1934 1906 1982 non
1941 1916 2121 1995 licet3
2159 1914 2467 2003 negotiari
2507 1934 2661 1984 uero
2696 1916 2810 1983 ali·

452 2041 486 2085 s
521 2023 772 2108 qnando
816 2022 972 2089 licet
1014 2025 1082 2088 et
1123 2020 1462 2105 aliqnando
1507 2040 1630 2087 non
1678 2020 1851 2087 licet.
1905 2025 2239 2105 antequam
2295 2021 2462 2088 enim
2506 2021 2805 2088 ecclesia·

523 2129 727 2196 sticns
791 2129 937 2212 qnie
1001 2128 1107 2206 sit,
1171 2128 1327 2193 licet
1388 2128 1446 2193 ei
1510 2125 1845 2213 negotiari3
1910 2125 2078 2193 facto
2141 2127 2267 2193 iam
2329 2145 2454 2193 non
2518 2127 2689 2194 licet.
2746 2131 2813 2193 et

525 2233 883 2300 Christiano
932 2252 1078 2299 cnm
1127 2251 1317 2299 uxore
1354 2251 1471 2298 sna
1507 2233 1847 2299 conuenire
1883 2232 2219 2316 aliqnando
2254 2233 2431 2312 licet,
2468 2231 2810 2317 aliqnando

527 2358 678 2405 nero
724 2359 845 2404 non
893 2339 1062 2405 licet.
1108 2344 1364 2423 propter
1409 2337 1541 2403 dies
1597 2337 1765 2404 enim
1822 2337 2240 2423 processionis
2295 2338 2632 2422 aliquando
2687 2357 2810 2404 non

525 2444 680 2510 licet
706 2444 1064 2523 conuenire,
1093 2447 1241 2526 quia
1278 2444 1468 2509 etiam
1507 2463 1545 2509 a
1580 2444 1781 2510 licitis
1818 2443 2256 2510 abstinendum
2294 2448 2415 2523 eet,
2446 2448 2522 2510 ut
2557 2443 2811 2511 facilius

439 2570 493 2612 ιυ
525 2550 846 2634 impetrari
876 2550 1083 2635 possit
1118 2550 1287 2634 qnod
1315 2551 1698 2635 postulatur.
1727 2550 1896 2617 unde
1923 2550 2277 2634 apostolus:
2317 2569 2398 2616 ex
2434 2567 2812 2617 consensu

526 2656 620 2721 ait
663 2653 1108 2722 abstinendum
1156 2654 1243 2720 ad
1281 2659 1609 2740 tempus,
1656 2659 1741 2723 nt
1794 2655 2090 2722 necetis
2145 2654 2492 2721 orationi.
2546 2674 2690 2721 nam
2748 2659 2812 2722 et

528 2760 879 2826 secundum
923 2761 1134 2846 legem
1181 2760 1245 2826 in
1292 2760 1527 2827 ieiunio
1578 2761 1757 2828 caedi
1801 2765 1867 2830 et
1909 2760 2149 2847 iurgari
2190 2781 2314 2829 non
2358 2761 2533 2840 licet,
2587 2765 2814 2846 postea

527 2867 700 2942 licet,
747 2865 898 2948 quia
941 2865 1142 2932 maior
1185 2867 1539 2933 reuerentia
1582 2866 1851 2933 debetur
1894 2867 1999 2932 dei
2044 2867 2277 2935 causis.

619 2971 722 3035 36.
751 2969 1076 3053 Numquid
1104 2989 1309 3050 omne,
1337 2971 1509 3055 quod
1532 2972 1700 3038 inter
1726 2978 1970 3039 ceteros
1996 2971 2170 3053 licet,
2199 2977 2344 3039 ante
2369 2973 2813 3058 imperatorem

441 3099 493 3141 ιο
528 3075 724 3141 licet?
772 3079 1002 3158 quanto
1051 3075 1257 3160 magis
1294 3075 1357 3141 in
1407 3075 1508 3142 dei
1556 3077 1800 3143 causis!
1847 3095 1920 3143 ac
1967 3095 2077 3162 per
2112 3078 2233 3143 hoc
2270 3078 2635 3144 antestitem
2673 3078 2813 3146 eius

528 3181 846 3267 puriorem
903 3181 1131 3247 ceteris
1186 3199 1327 3247 esse
1384 3185 1663 3266 oportet;
1719 3182 1921 3267 ipsine
1977 3182 2143 3248 enim
2198 3202 2530 3268 personam
2585 3183 2815 3250 habere

528 3285 804 3353 uidetur.
852 3290 951 3351 est
996 3286 1163 3352 enim
1211 3287 1485 3353 nicatius
1532 3287 1693 3369 eius,
1740 3293 1813 3353 nt
1856 3287 2024 3371 quod
2070 3288 2296 3354 ceteris
2340 3287 2497 3355 licet
2540 3287 2638 3355 illi
2689 3309 2811 3356 non

528 3392 744 3470 liceat,
807 3391 957 3475 quia
1020 3409 1280 3458 necesse
1343 3392 1535 3459 habet
1596 3391 1834 3460 cotidie
1889 3393 2125 3460 Christi
2186 3394 2395 3460 uicem
2461 3414 2648 3481 agere
2703 3399 2817 3461 aut

531 3514 707 3561 orare
752 3515 862 3581 pro
909 3497 1144 3580 populo
1191 3502 1303 3563 aut
1346 3497 1564 3563 offerre
1610 3502 1725 3564 aut
1768 3499 2078 3583 tinguere.
2125 3502 2192 3564 et
2233 3518 2356 3565 non
2405 3500 2617 3567 solnm
2661 3500 2812 3566 huic

437 3627 496 3670 zo
530 3619 654 3666 non
702 3601 868 3680 licet,
912 3619 1134 3667 uerum
1180 3608 1247 3667 et
1290 3602 1579 3670 ministro
1618 3603 1781 3678 eins.
1827 3602 1977 3686 qnia
2021 3603 2258 3688 etipse
2294 3604 2592 3672 mundior
2624 3605 2816 3672 debet

531 3724 696 3783 esse,
741 3707 891 3789 quia
935 3712 1154 3771 sancta
1198 3712 1349 3774 sunt
1395 3728 1555 3792 quae
1600 3709 1938 3775 ministrat.
1987 3727 2130 3774 nam
2178 3709 2350 3776 sicut
2394 3710 2474 3777 ad
2520 3729 2812 3794 conpara-

530 3810 768 3876 tionem
805 3811 1095 3877 lucernae
1132 3812 1423 3878 tenebrae
1460 3832 1582 3879 non
1617 3817 1869 3880 tantum
1906 3812 2234 3892 obscurae,
2271 3814 2386 3882 sed
2422 3818 2489 3883 et
2524 3815 2813 3882 sordidae

532 3920 706 3994 sunt,
768 3915 848 3980 ad
901 3918 1409 4002 conparationem
1463 3925 1673 3986 autem
1732 3919 2063 3986 stellarum
2117 3919 2373 3987 lucerna
2426 3920 2637 4006 caligo
2691 3925 2811 4000 est,

534 4021 615 4087 ad
679 4022 833 4087 solis
899 4040 1049 4088 uero
1116 4025 1622 4108 conparationem
1681 4025 1906 4091 stellae
1959 4025 2300 4093 nebulosae
2355 4030 2523 4108 sunt,
2577 4025 2657 4092 ad
2711 4025 2815 4092 dei

433 4156 494 4201 η
529 4131 748 4193 antem
795 4128 1146 4194 claritatem
1194 4128 1294 4195 sol
1338 4147 1457 4195 nox
1502 4133 1620 4208 est,
1668 4130 1761 4196 its
1796 4148 1957 4213 quae
1993 4130 2071 4197 ad
2108 4150 2222 4199 nos
2258 4131 2438 4197 licita
2474 4136 2542 4198 et
2576 4130 2813 4197 munda

533 4236 708 4311 sunt,
754 4231 833 4298 ad
879 4231 980 4298 dei
1027 4237 1241 4299 autem
1280 4233 1653 4319 dignitatem
1691 4237 1875 4320 quasi
1908 4236 2153 4303 inlicita
2187 4239 2253 4303 et
2287 4236 2595 4303 inmunda
2627 4241 2810 4315 sunt;

531 4357 921 4422 quamquam
965 4340 1134 4405 enim
1167 4339 1337 4406 bona
1372 4341 1521 4420 sint,
1560 4340 1661 4406 dei
1697 4344 1907 4407 tamen
1943 4361 2246 4426 personae
2281 4360 2405 4409 non
2444 4346 2809 4426 conpetunt.

532 4443 842 4527 numquid
879 4463 1001 4510 non
1039 4445 1248 4511 tunica
1290 4445 1620 4512 mediocris
1659 4446 1955 4524 hominis,
1992 4447 2288 4530 quamuis
2326 4446 2579 4524 munda,
2615 4447 2811 4534 impe-

719 4703 786 4758 10
820 4702 849 4756 1
885 4701 1005 4758 Cor.
1044 4703 1095 4769 7,
1134 4705 1168 4756 5
1280 4705 1344 4758 12
1381 4703 1449 4759 cs.
1484 4703 1626 4758 Esai.
1665 4705 1753 4773 58,
1789 4705 1824 4760 8
1861 4721 1979 4775 sqq.

607 4844 641 4896 4
677 4842 886 4912 liceret]
922 4842 1056 4898 licet
1087 4843 1194 4899 ΟΧ
1331 4845 1595 4899 fornicare
1631 4844 1708 4898 M
1824 4845 1860 4900 5
1895 4849 1955 4901 et
1987 4861 2091 4899 om.
2132 4844 2241 4900 CX
2349 4845 2386 4900 8
2422 4846 2567 4900 enim
2602 4861 2706 4902 oa.
2742 4845 2819 4901 Π

536 4931 605 4985 16
642 4936 788 4985 esset
822 4930 892 4984 Μ
1005 4932 1070 4986 17
1110 4933 1430 4987 eet—liceat
1463 4948 1568 4987 mn.
1604 4932 1668 4986 X
1827 4934 1894 4988 18
1928 4949 2150 4988 neceas
2182 4931 2259 4987 Π
2409 4933 2483 4988 20
2516 4933 2731 4988 munior
2768 4931 2819 4989 0

531 5017 606 5072 22
644 5023 702 5071 et
737 5032 839 5071 on.
881 5017 991 5073 ΘΔ
1115 5019 1185 5073 24
1221 5018 1325 5074 soli
1361 5018 1437 5072 M
1553 5019 1624 5074 25
1661 5019 1743 5074 its
1777 5034 1916 5090 qnae
1949 5019 2150 5089 scripu·
2183 5020 2370 5090 itaque
2405 5018 2564 5075 codd.
2716 5018 2809 5092 nd]

534 5111 594 5159 et
634 5104 740 5159 CX
850 5105 969 5177 noe]
1008 5122 1111 5161 nox
1146 5107 1222 5161 M
1330 5107 1508 5177 licitu]
1546 5108 1718 5162 incita
1752 5106 1829 5162 Π
1962 5106 2162 5163 munde
2199 5106 2250 5164 0
2350 5107 2420 5163 2⁶1
2458 5123 2813 5180 qumquam

531 5195 721 5261 (corr.)
756 5193 832 5247 M
977 5200 1106 5248 sunt
1141 5193 1202 5248 X
1358 5193 1445 5248 dei
1480 5196 1687 5265 tannen]
1722 5192 1985 5250 deitatem
2025 5194 2095 5260 G,
2132 5197 2297 5260 (corr.
2330 5198 2451 5264 1⁵2)
2485 5198 2542 5252 Δ
2691 5212 2813 5268 pcr-

531 5296 670 5336 som
701 5280 775 5340 Μ
