3275 6434
589 1416 664 1488 Cep.
682 1416 782 1474 cxxu
801 1416 914 1473 15-20.
1256 1422 1319 1487 871

227 1614 280 1678 18.
299 1612 443 1695 Denique
461 1609 612 1688 subiecit:
633 1609 736 1694 qued
758 1610 911 1676 isetnm
935 1614 1010 1687 est,
1032 1611 1145 1696 inquit,
1167 1612 1204 1678 in
1228 1614 1323 1697 ipse

178 1719 269 1784 uite
292 1722 364 1784 est
388 1719 430 1783 ‘in
454 1717 547 1801 ipse',
569 1716 603 1782 id
626 1720 676 1782 est
697 1717 728 1782 in
752 1716 861 1793 uerbo,
884 1716 967 1798 qued
990 1716 1112 1783 festum
1135 1722 1196 1796 est,
1220 1719 1320 1783 uitem

178 1842 252 1889 esse
270 1823 439 1908 significet,
454 1824 540 1889 sient
557 1823 674 1906 etipse
692 1821 838 1887 dominus
857 1822 916 1888 ait:
936 1821 1048 1888 sieut
1065 1822 1188 1889 hebet
1204 1827 1323 1906 peter

178 1930 307 1995 uitem
326 1928 364 1992 in
383 1932 511 1994 semet
528 1928 627 2011 ipse,
645 1928 705 1992 its
723 1926 836 1992 dedit
854 1929 894 1991 et
911 1926 1006 1992 filio
1025 1927 1154 1992 uitem
1171 1928 1318 1994 hebere

145 2032 216 2099 sin
246 2036 373 2099 semet
400 2033 500 2117 ipso,
528 2052 588 2098 non
618 2033 694 2116 quis
715 2032 848 2097 uerbum
872 2032 939 2097 sine
962 2032 1032 2098 uite
1054 2036 1121 2098 eret
1150 2036 1183 2098 et
1207 2038 1320 2117 postes

176 2144 234 2204 ant
256 2140 330 2204 dete
351 2142 409 2203 eut
430 2140 515 2204 seete
536 2143 587 2203 est
608 2138 640 2203 in
663 2138 718 2203 ille
742 2137 820 2206 nite
844 2136 901 2201 sed
922 2137 1029 2222 ipsum
1057 2137 1190 2204 uerbum
1217 2140 1318 2205 uitem

176 2245 250 2309 nult
271 2244 415 2327 intellegi
438 2262 520 2309 esse.
543 2244 571 2308 si
594 2243 633 2308 de
655 2253 745 2327 petre
763 2242 823 2308 deo
840 2246 948 2326 petest
966 2243 1029 2310 diei
1049 2245 1126 2326 quie
1143 2244 1231 2310 eliud
1248 2245 1319 2329 ipse

175 2354 227 2414 est
249 2352 283 2414 et
305 2349 393 2414 slind
416 2349 447 2413 in
471 2367 505 2414 se
528 2349 633 2424 hebet,
652 2349 699 2414 ite
717 2353 749 2414 et
766 2347 805 2414 de
825 2348 890 2414 filio
909 2349 988 2430 eins,
1007 2351 1082 2432 quis
1105 2350 1199 2416 ‘sieut
1221 2350 1317 2416 hebet

174 2459 266 2537 peter
289 2455 388 2521 uitem
413 2455 443 2520 in
467 2459 569 2520 semet
591 2455 672 2538 ipso,
696 2455 742 2519 its
764 2453 851 2520 dedit
874 2458 907 2520 et
927 2454 995 2521 filie
1019 2455 1122 2520 uitem
1146 2454 1261 2522 hebete
1284 2456 1316 2521 in

128 2564 281 2626 sesemet
302 2561 391 2645 ipse’.

222 2666 273 2730 19.
287 2667 433 2731 Humane
447 2666 528 2731 enim
545 2666 670 2748 eloquis
687 2683 747 2730 non
767 2670 843 2731 sunt
860 2665 972 2731 idonee
991 2666 1029 2730 nd
1047 2684 1098 2731 res
1117 2666 1315 2750 explicandas

173 2771 314 2849 diuinns;
337 2772 409 2837 ideo
438 2773 590 2839 uitiosum
617 2771 744 2837 uidetur
766 2771 852 2854 qued
874 2771 1074 2848 &eitun-ut,
1097 2790 1170 2837 enm
1194 2774 1316 2838 isetnrs

173 2897 235 2942 nen
259 2878 303 2942 sit
325 2876 376 2942 dei
399 2877 496 2960 filius,
518 2879 638 2943 ieetnm
657 2877 688 2941 in
707 2878 777 2959 ipse
797 2877 929 2943 dicetur.
949 2881 983 2943 et
1000 2878 1028 2943 si
1051 2877 1197 2944 dixisset:
1218 2877 1314 2960 ‘qnod

172 2982 318 3066 genitum
341 2987 391 3047 est
413 2983 445 3047 in
468 2984 560 3066 ipse,
583 2983 684 3048 etsie
707 2982 860 3047 uitiosum
889 2982 1065 3049 uidebatur.
1094 2982 1150 3048 sed
1177 2985 1214 3048 ut
1240 2982 1314 3047 snb·

122 3110 152 3152 ns
172 3088 347 3153 stentiuem
370 3088 603 3172 generationem
626 3088 695 3154 eins
717 3089 909 3166 estenderet,
932 3107 1013 3171 epus
1035 3089 1066 3152 in
1091 3106 1159 3153 esm
1183 3088 1313 3163 festum,

171 3192 260 3276 quali
283 3194 331 3259 uti
359 3194 465 3275 potuit
492 3212 646 3259 sennenn.
672 3213 730 3276 per
757 3193 842 3276 qued
871 3194 1046 3268 exsisteret,
1073 3194 1314 3272 demonstrauit,

172 3298 248 3379 quie
271 3298 431 3380 generatio
455 3298 524 3362 eius
547 3298 647 3363 uitem
671 3298 701 3362 in
726 3299 888 3363 sehabet

217 3404 271 3466 20.
294 3402 361 3468 Nes
381 3402 464 3467 enim
484 3403 625 3467 uiuimus
645 3403 783 3485 quidem,
803 3403 938 3469 sednon
958 3422 1130 3487 pessumus
1149 3404 1220 3468 eliis
1240 3404 1312 3468 dere

169 3507 283 3581 uitem,
313 3507 429 3590 qnippe
458 3525 529 3572 enm
558 3526 616 3572 nse
643 3509 674 3571 in
702 3510 860 3590 potestate
886 3512 994 3572 nostre
1022 3508 1066 3572 sit
1093 3507 1201 3573 eedem
1230 3509 1310 3578 uite:

119 3635 153 3679 sn
169 3614 226 3678 ille
250 3616 355 3678 entem
379 3613 449 3679 ideo
477 3595 594 3678 dieitur
620 3613 718 3676 uitem
747 3614 780 3677 in
807 3632 842 3677 se
869 3613 994 3688 hebere,
1023 3614 1099 3695 quis
1123 3618 1235 3697 petens
1262 3618 1313 3680 est

168 3719 332 3784 uinifieare
364 3723 396 3783 et
428 3737 532 3783 creare
569 3737 648 3801 quae
686 3720 766 3795 uult,
804 3723 842 3782 nt
873 3719 938 3783 sint
966 3722 998 3784 et
1026 3719 1146 3787 uiuent.
1184 3718 1224 3783 nd
1252 3720 1312 3785 hoe

167 3826 253 3889 enim
276 3829 370 3889 natus
393 3825 520 3902 dieitur,
547 3807 585 3889 nt
612 3825 715 3889 omnia
742 3825 848 3906 possit
873 3802 978 3891 faeere*
1002 3845 1082 3907 quse
1109 3825 1187 3890 feeit
1211 3829 1311 3910 peter.

167 3932 245 4012 quie
271 3931 317 3995 sie
345 3931 440 3995 hebet
466 3932 566 3995 uitem
598 3931 629 3994 in
662 3949 696 3995 se
728 3931 814 3996 sieut
844 3931 941 3996 hebet
973 3935 1006 3996 et
1037 3935 1136 4012 pawn,
1169 3933 1229 3997 hee
1260 3936 1312 3998 est

167 4036 273 4101 emnia
305 4055 359 4118 per
390 4037 496 4120 ipsum
529 4040 562 4101 et
592 4035 623 4099 in
651 4036 720 4117 ipso
752 4035 877 4116 fecisse,
907 4037 954 4101 sie
981 4055 1052 4101 eum
1077 4036 1237 4121 genuisse,
1275 4043 1310 4102 ut

117 4163 148 4207 se
168 4143 299 4206 heberet
330 4142 360 4206 in
395 4161 430 4206 se
462 4142 573 4221 uitam,
605 4159 661 4224 per
693 4160 786 4223 quem
823 4143 927 4207 emnia
955 4142 1059 4224 possit
1094 4142 1206 4208 feners.
1247 4162 1309 4209 nen

258 4418 351 4472 lIoh.
373 4418 396 4486 1,
416 4419 477 4474 ns
532 4419 669 4476 essen.
690 4419 769 4483 nne
824 4419 1171 4484 13.24et.10h.1‚⁸3.4
1220 4420 1308 4477 noer.

166 4506 296 4572 10e.1,4
351 4506 386 4560 23
403 4506 437 4560 cn
451 4507 509 4561 leh.
525 4509 550 4576 5,
564 4508 598 4563 en

205 4669 216 4719 1
248 4664 474 4736 inquis-sectum
505 4670 548 4720 est
574 4681 625 4720 one
653 4666 680 4719 P
775 4668 792 4720 4
821 4666 861 4720 iis
887 4664 1087 4721 dedit-semet
1112 4666 1172 4736 ipse
1200 4682 1251 4720 oen.
1282 4664 1312 4718 N

165 4759 182 4804 .·.
202 4756 268 4823 non!
289 4770 351 4808 num
371 4755 407 4822 (5⁴)
427 4753 454 4806 P
542 4755 594 4807 erit
612 4753 648 4810 X.
668 4757 761 4820 (cerr.)
782 4756 808 4807 (ι’
879 4756 964 4809 tent
977 4771 1021 4823 pr.
1041 4770 1092 4808 om.
1111 4753 1139 4807 P
1194 4754 1306 4808 sie·-

164 4841 251 4896 hebet
273 4857 324 4896 om.
344 4840 372 4894 P
479 4843 508 4894 ll
537 4841 612 4910 loqui
636 4845 716 4905 (corr.
740 4842 788 4894 sni
803 4841 931 4908 sorti&
1036 4857 1078 4894 res
1100 4845 1124 4907 (s
1146 4842 1263 4906 iserae.)
1281 4840 1309 4894 P

167 4931 200 4982 13
219 4930 267 4999 sit]
287 4928 360 4983 desit
378 4928 407 4981 X
423 4930 514 4996 (ense.)
587 4929 620 4981 14
640 4933 667 4981 et
685 4929 735 4997 sic}
756 4933 798 4981 est
816 4927 888 4980 sient
905 4927 933 4981 P
1019 4928 1202 4983 substantium
1220 4928 1307 4984 m

164 5018 347 5072 substantiam
368 5016 420 5071 GA
480 5018 514 5071 15
533 5017 714 5086 genenntienis
735 5016 787 5070 ΟΔ
865 5031 897 5070 es
914 5016 947 5070 N
963 5033 1022 5070 euni
1039 5016 1091 5070 Ge
1157 5017 1189 5071 17
1208 5016 1303 5086 hebet}

164 5106 231 5159 add.
251 5106 302 5160 hec
321 5109 364 5160 est
382 5107 441 5159 uite
460 5108 502 5159 est
520 5122 573 5159 non
592 5120 666 5159 neore
684 5111 776 5158 nestro
796 5105 855 5158 nite
873 5109 916 5159 est
934 5109 981 5158 ent
998 5105 1085 5159 uitem
1099 5108 1127 5159 in
1140 5122 1169 5159 se
1183 5105 1268 5160 hebet
1279 5105 1308 5159 P

163 5201 209 5248 ensi
228 5193 386 5248 adsentitur
407 5193 515 5247 Turner
615 5193 651 5248 20
669 5197 766 5262 petens
784 5193 837 5262 est]
856 5196 948 5262 petest
966 5197 992 5248 st
1014 5198 1056 5259 (est
1077 5192 1148 5260 ste)
1169 5192 1307 5259 (ωπ.)0

163 5287 256 5352 petest
275 5281 303 5333 Χ
356 5282 392 5332 ‘22
411 5282 482 5335 enim
502 5297 551 5336 nee.
572 5280 649 5348 (add.
668 5281 770 5349 mm
821 5280 855 5335 25>
874 5282 968 5352 quem]
988 5299 1039 5354 qne:¹
1059 5283 1195 5351 (ennii)

1217 5385 1267 5440 2⁴⁸
