3275 6434
1403 1420 1549 1493 esp.
1585 1421 1729 1479 cxv
1765 1419 1994 1476 ee-va.
2695 1419 2824 1488 343

553 1617 796 1700 aliquid
853 1619 967 1683 aut
1015 1636 1138 1683 non
1201 1616 1406 1700 possit
1459 1614 1976 1700 conprehendere.
2039 1632 2254 1681 omnes
2309 1633 2457 1699 ergo
2504 1619 2824 1683 senatores

555 1741 751 1787 unum
808 1721 1040 1788 habent
1091 1722 1291 1788 fatum
1350 1757 1436 1768 —
1495 1720 1710 1786 nullus
1766 1720 1931 1785 enim
1987 1723 2348 1786 senatorum
2402 1720 2538 1786 sine
2589 1720 2823 1786 litteris

553 1833 657 1893 eet
709 1864 796 1875 —
841 1834 909 1893 et
950 1830 1190 1912 gentes,
1237 1845 1397 1911 quae
1444 1826 1577 1892 eine
1622 1825 1855 1891 litteris
1902 1826 2072 1903 aunt,
2119 1843 2314 1890 unum
2353 1824 2586 1891 habent
2623 1824 2820 1890 fatum

553 1937 622 1997 et
681 1951 898 2000 omnen
959 1932 1131 1998 serui
1192 1931 1382 1998 unius
1445 1934 1599 1996 sunt
1657 1930 1801 2007 fati3
1862 1949 2046 1996 nemo
2112 1930 2279 1995 enim
2334 1949 2660 1997 seruorum
2725 1934 2827 1997 eet

484 2056 515 2100 ο
552 2043 826 2104 senator.

643 2145 745 2210 71.
793 2143 917 2210 Sed
962 2144 1019 2209 ai
1066 2143 1232 2225 quod
1282 2141 1560 2207 nascitur
1604 2141 1817 2206 dicitis
1866 2141 2087 2218 fatum,
2136 2141 2443 2225 quidquid
2479 2143 2823 2209 accesserit

551 2254 726 2314 extra
770 2249 971 2314 fatum
1017 2250 1158 2314 erit.
1205 2253 1319 2313 aut
1363 2247 1420 2312 ai
1466 2246 1633 2329 quod
1681 2247 1928 2312 accedit
1962 2265 2033 2311 ex
2070 2245 2201 2312 fato
2245 2247 2438 2326 uenit,
2485 2267 2675 2331 quare
2711 2267 2821 2331 per

549 2354 828 2420 laborem
894 2354 1110 2420 uenit?
1175 2358 1323 2419 tunc
1388 2353 1552 2417 enim
1617 2352 1732 2416 fati
1796 2352 2129 2432 diceretur,
2195 2354 2249 2418 si
2313 2353 2515 2419 inuito
2578 2353 2818 2423 homini

549 2461 846 2525 eueniret.
900 2459 1068 2541 quod
1123 2459 1287 2525 enim
1342 2458 1633 2523 imminet
1688 2456 1823 2524 aine
1868 2458 2286 2541 prouidentia,
2346 2457 2620 2525 fatorum
2668 2459 2816 2523 dici-

453 2587 514 2629 1o
548 2570 680 2640 tun-3
748 2564 912 2646 quod
979 2565 1143 2629 enim
1209 2563 1603 2647 excogitatur
1660 2565 1725 2626 et
1789 2561 1897 2627 diu
1952 2564 2305 2647 pensitatur
2367 2567 2433 2629 et
2504 2564 2817 2629 exercitiis

547 2669 777 2736 mediis
823 2670 1193 2753 adquiritur,
1240 2687 1353 2734 cur
1396 2668 1510 2733 sati
1558 2687 1700 2733 esse
1747 2668 2031 2733 dicatur?

640 2776 744 2838 72.
788 2775 1128 2840 Eunuchus
1175 2773 1409 2856 aliquia
1454 2775 1639 2837 natus
1688 2776 1808 2848 est,
1855 2772 1962 2836 alii
2008 2771 2195 2839 fiunt:
2241 2773 2353 2838 ubi
2399 2774 2519 2839 erit
2572 2775 2816 2841 fatum?

544 2881 611 2944 in
657 2880 792 2955 illo,
840 2879 1045 2955 credo,
1092 2880 1200 2961 qui
1247 2883 1433 2943 natus
1481 2881 1608 2953 est3
1659 2878 1767 2960 qui
1818 2876 1994 2956 fiunt,
2034 2877 2184 2960 quid
2225 2878 2558 2944 dicendum
2597 2881 2676 2946 de
2711 2882 2812 2946 hia

543 2988 687 3051 eet?
734 2984 1053 3050 diuersum
1103 2991 1203 3051 est
1246 2985 1435 3050 enim.
1479 2988 1592 3048 aut
1637 2984 1693 3048 ai
1731 2983 1797 3048 hi
1835 2985 1964 3049 fato
2001 2984 2152 3049 facti
2190 2985 2462 3049 eunuchi
2500 2989 2668 3064 sunt,
2706 2987 2815 3052 ille

449 3106 508 3149 ¹⁵
545 3095 765 3156 contra
806 3090 1007 3155 fatum
1055 3095 1242 3156 natus
1289 3096 1389 3156 est
1425 3089 1770 3156 eunuchus,
1810 3093 1874 3154 et
1910 3108 2100 3172 quare
2138 3092 2268 3153 tam
2308 3109 2444 3155 raro
2484 3091 2813 3157 eunuchus

544 3198 846 3274 nascitur,
914 3189 1440 3262 ut'incredulum
1509 3196 1841 3261 uideatur?
1908 3195 2211 3278 quaedam
2276 3195 2397 3261 suit
2460 3196 2688 3263 mulier
2748 3199 2812 3263 in

542 3302 700 3367 urbe
746 3302 963 3379 Roma,
1011 3321 1200 3384 quam
1247 3306 1498 3367 constat
1541 3300 1834 3367 undecim
1869 3301 2130 3366 maritos
2169 3301 2491 3379 habuisse,
2539 3307 2604 3368 et
2649 3304 2813 3368 alius

543 3410 663 3486 uir,
711 3409 821 3491 qui
859 3408 1192 3475 duodecim
1233 3408 1456 3473 habuit
1493 3427 1745 3473 uxores:
1786 3426 1945 3489 quae
1983 3407 2113 3472 fata
2149 3413 2318 3485 sunt,
2357 3427 2519 3491 quae
2556 3408 2655 3473 his
2693 3410 2811 3476 hoc

542 3513 999 3580 decreuerunt?
1045 3532 1188 3579 nam
1235 3518 1518 3596 tempore
1564 3512 1961 3595 imperatoris
2010 3512 2361 3578 Constantii
2407 3514 2813 3585 manifestum

442 3641 504 3685 ao
542 3623 645 3682 est
700 3619 977 3702 puellam
1023 3620 1085 3683 in
1140 3624 1317 3702 parte
1365 3617 1740 3700 Campaniae
1788 3618 2164 3683 inmutatum
2218 3618 2280 3682 in
2338 3620 2691 3684 masculum
2749 3622 2815 3684 et

539 3723 805 3788 Romam
853 3723 1254 3807 perductum:
1306 3742 1465 3806 quae
1512 3725 1630 3788 hoc
1688 3724 1815 3788 sata
1870 3725 2193 3788 fecerunt?
2250 3724 2389 3803 alia,
2444 3728 2519 3790 ut
2572 3726 2810 3808 opinor,

540 3845 702 3908 quae
750 3847 866 3893 uos
913 3829 1193 3894 nescitis.

630 3932 733 3997 73.
783 3931 835 3997 Ο
882 3933 936 3997 ei
985 3932 1061 3997 de
1106 3933 1226 3998 hoc
1272 3934 1521 3998 nomine
1558 3933 1855 3998 taceretis
1903 3936 1967 3998 et
2010 3932 2222 4015 aliqua
2259 3934 2515 3998 euentui
2555 3939 2620 3999 et
2656 3934 2810 4000 caai-

538 4035 658 4100 bus
706 4037 1132 4114 remittereti8‚
1182 4037 1485 4120 quaedam
1527 4038 1960 4119 prouidentiae
2000 4037 2457 4103 concederetis!
2497 4057 2638 4103 nam
2678 4044 2810 4103 tan-

444 4172 502 4212 25
537 4144 676 4205 tum
707 4146 917 4224 potest
942 4142 1149 4208 uirtus
1180 4146 1244 4208 et
1281 4142 1591 4207 industria
1629 4144 2000 4221 animorum,
2038 4149 2113 4209 nt
2148 4163 2267 4208 non
2306 4145 2512 4210 solum
2551 4148 2810 4210 naturae

721 4280 785 4334 16
823 4280 889 4334 cf.
927 4280 1143 4334 Hieron.
1180 4281 1278 4351 Ep.
1320 4280 1439 4349 183,
1479 4282 1546 4337 10

609 4403 636 4455 1
678 4406 863 4470 ponet
899 4401 1112 4456 CNFB
1219 4403 1254 4457 3
1288 4401 1462 4458 fotum
1495 4419 1600 4459 om.
1643 4404 1801 4459 CNX
1885 4406 1923 4460 4
1957 4409 2045 4461 ent
2078 4421 2356 4461 neruorum
2396 4404 2445 4460 0
2531 4407 2562 4462 7
2599 4406 2811 4461 accedit

535 4489 696 4557 (corr.
733 4506 798 4542 m.
836 4504 938 4544 rec.
977 4489 1200 4557 accidit)
1237 4490 1310 4544 Μ
1340 4492 1542 4547 accidit
1579 4493 1743 4548 CNx
1879 4494 2034 4548 uenit
2067 4494 2122 4563 (n
2150 4495 2214 4548 in
2245 4499 2384 4561 rac.)
2427 4495 2476 4550 G
2594 4495 2628 4547 9
2666 4494 2809 4549 sato·

536 4578 678 4646 rum]
717 4577 953 4631 futurum
983 4564 1214 4632 Palm*
1243 4579 1503 4647 futurum,
1538 4581 1771 4636 fatorum
1809 4582 1951 4636 coni.
1990 4582 2352 4652 Enyclbrecht
2458 4583 2529 4637 10
2562 4584 2803 4653 pensita·

534 4671 628 4718 tnr
662 4664 734 4728 (it
767 4671 929 4728 πω.)
972 4665 1020 4719 0
1051 4671 1310 4735 pensatur
1350 4667 1455 4724 ΟΔ
1609 4670 1878 4725 exercitiis
1913 4670 2035 4724 edd.
2071 4673 2247 4726 exitus
2284 4672 2339 4727 P
2370 4673 2551 4727 exitii·
2585 4677 2700 4734 cet..
2736 4673 2808 4740 ef.

523 4768 587 4820 p.
628 4754 754 4816 261.
791 4755 846 4806 ὅ.
886 4756 958 4808 19
1173 4755 1240 4809 12
1285 4761 1448 4812 natu·
1495 4758 1601 4828 eat]
1652 4757 1783 4812 add.
1832 4760 1925 4828 qui
1958 4759 2113 4824 flunt,
2150 4760 2280 4831 qnid
2316 4758 2599 4815 dicendum
2637 4765 2725 4814 eet
2755 4759 2813 4814 P

538 4840 606 4896 18
644 4840 747 4911 ent]
784 4847 872 4896 ent
905 4842 1059 4910 (add.
1093 4861 1138 4898 e.
1177 4843 1214 4898 1.
1250 4862 1321 4900 m.
1357 4861 1460 4903 rec.
1497 4863 1567 4900 an
1603 4847 1659 4900 in
1696 4846 1804 4913 hin)
1839 4846 1912 4900 Μ
2060 4847 2209 4919 qnid}
2248 4848 2339 4919 qni
2379 4847 2485 4904 OF
2619 4852 2706 4902 eet
2739 4847 2808 4903 de

532 4927 624 4987 hi·
647 4927 705 4982 P
774 4931 842 4986 14
877 4931 962 4984 hia
983 4929 1041 4984 P
1071 4931 1151 4986 hii
1183 4932 1343 4988 CNx
1413 4934 1479 4988 15
1514 4949 1632 4989 rare
1659 4934 1727 4988 N
1794 4936 1859 4991 16
1897 4936 2088 4990 mulier
2113 4935 2223 4990 suit
2251 4936 2416 4992 CNX
2488 4938 2551 4991 17
2581 4937 2710 4991 orbe
2739 4937 2812 4990 Π

540 5016 607 5071 18
644 5016 888 5072 undecim
921 5019 968 5073 0
1149 5021 1212 5075 19
1251 5021 1557 5076 decreuitur
1590 5021 1702 5076 FB
1736 5021 1980 5077 decreuit
2019 5023 2126 5078 ΘΔ
2340 5024 2667 5079 constantini
2704 5024 2814 5080 PG

531 5103 600 5157 21
664 5104 981 5174 perductum
1036 5107 1198 5177 (corr.
1251 5107 1589 5179 perductam)
1644 5111 1700 5163 P
1747 5109 2060 5180 perductam
2114 5111 2187 5165 Μ
2235 5114 2435 5179 (corn),
2487 5111 2553 5165 N
2702 5128 2808 5181 que

530 5194 719 5260 (erac.)
745 5192 831 5246 M·
990 5193 1238 5251 fecerunt
1272 5197 1390 5250 fata
1425 5200 1609 5265 (corr.)
1646 5197 1701 5252 P
1872 5199 1943 5253 24
1978 5199 2355 5269 prouidentiae
2388 5199 2545 5272 (aaa.
2580 5216 2625 5257 ο.
2661 5200 2701 5256 1.
2735 5217 2805 5254 ιιι.

528 5295 634 5334 rec.
672 5279 783 5349 dei)
818 5282 891 5335 Π
