3275 6434
326 994 391 1060 358
720 986 818 1042 Liber
837 988 1068 1056 queestionum

370 1183 401 1249 9.
425 1181 469 1248 ut
492 1181 526 1247 in
552 1180 604 1247 his
632 1178 779 1246 omnibns
806 1178 888 1245 nihil
908 1179 1086 1262 profitiens,
1112 1179 1212 1246 immo
1240 1179 1466 1246 detrimentum

324 1286 444 1354 feeiem
465 1285 749 1372 inpudentissima
771 1288 899 1351 estense
921 1302 983 1351 non
1006 1285 1110 1351 solum
1135 1283 1322 1352 inmobilem
1344 1284 1468 1352 inuenit

325 1390 378 1458 dei
399 1408 540 1471 seruum,
562 1389 618 1458 sed
640 1392 674 1456 et
694 1389 895 1475 megistrnm.
916 1389 950 1454 in
971 1389 1043 1473 ipss
1064 1390 1148 1456 enirn
1170 1391 1365 1460 neeessitste
1382 1392 1466 1475 posi-

325 1500 380 1564 tus
408 1514 470 1563 non
497 1498 622 1562 tentum
642 1495 676 1562 in
700 1494 752 1561 dei
773 1494 888 1562 timore
910 1493 1047 1571 dursuit,
1070 1513 1183 1561 uerum
1209 1495 1310 1562 etism
1337 1515 1464 1563 uxorem

327 1601 482 1670 oontruriu
503 1605 726 1687 suggerentem
748 1600 912 1686 inerepens
935 1599 1046 1667 doenit
1066 1601 1182 1679 omniu,
1205 1619 1287 1684 quse
1310 1600 1371 1668 deo
1399 1620 1465 1684 per·
1489 1621 1503 1668 ι

325 1708 474 1774 mittente
496 1706 655 1784 stridunt,
677 1705 802 1773 fortiter
823 1705 996 1772 tolersndu.
1023 1705 1109 1791 qnod
1135 1705 1176 1772 sd
1202 1705 1365 1789 duplioenr
1393 1726 1466 1791 poe·

326 1831 399 1880 num
426 1812 566 1896 pertinet
590 1810 750 1895 inprouidi
781 1814 920 1890 estense,
945 1812 1019 1897 quie
1049 1830 1108 1878 neo
1139 1811 1214 1878 huie
1244 1812 1353 1879 sunsit
1382 1813 1466 1896 quod

326 1917 433 1985 noluit
454 1921 496 1994 et,
520 1935 594 1984 eum
616 1916 691 1982 huie
712 1915 846 1995 inuidet,
865 1917 946 1983 elios
964 1916 1044 1983 feeit
1060 1916 1182 1984 discere
1200 1917 1287 2000 quod
1305 1935 1364 1983 neo
1383 1917 1466 1984 huno

327 2023 409 2092 seire
431 2022 570 2090 uolebst

373 2129 425 2194 10.
447 2127 606 2208 Quantum
631 2146 705 2212 ergo
727 2128 831 2212 prosit
851 2128 1019 2210 temptatio
1042 2127 1093 2193 dei
1111 2128 1213 2194 seruis
1236 2132 1270 2195 et
1291 2128 1381 2195 obsit
1403 2128 1466 2194 dis-
1481 2146 1505 2192 re

326 2233 412 2313 bolo,
427 2234 487 2301 hee
503 2234 640 2300 lectione
657 2233 782 2316 plenius
801 2231 978 2299 edocemur.
996 2250 1070 2298 oum
1089 2233 1171 2298 enim
1189 2236 1283 2316 putet
1300 2251 1338 2307 se
1354 2251 1467 2300 noeere

327 2340 385 2423 eis,
407 2342 574 2422 premonet
595 2357 650 2407 eos
668 2343 711 2418 et,
729 2357 804 2406 ounr
823 2357 921 2405 unum
939 2339 1149 2423 persequitur,
1167 2339 1287 2407 multos
1305 2346 1467 2423 prouocet

326 2444 473 2513 uidentes
496 2445 580 2511 enim
603 2445 729 2511 suxiliis
752 2444 804 2510 dei
826 2445 910 2509 huno
935 2445 1059 2531 protegi
1082 2445 1176 2511 multi
1197 2444 1376 2511 imitntores
1399 2445 1467 2510 eius

328 2550 493 2618 exsistunt
527 2551 652 2617 luorum
681 2568 755 2635 ergo
781 2550 893 2616 uolens
919 2552 1022 2617 iecere
1053 2549 1202 2634 perdiditz
1230 2568 1358 2635 semper
1384 2551 1467 2616 enirn

326 2654 415 2722 teror
436 2655 506 2722 eius
528 2655 699 2722 demnosus
723 2659 774 2722 est
795 2654 836 2722 ei.
858 2673 931 2722 nom
955 2654 1031 2720 dum
1053 2674 1116 2721 non
1134 2655 1257 2739 petitur
1271 2656 1380 2722 iustos
1398 2673 1467 2721 esee
1483 2677 1507 2722 u

327 2779 367 2826 ne
389 2771 635 2841 remunerentur,
657 2761 817 2847 digniores
841 2779 896 2827 eos
918 2760 1061 2840 feritet,
1085 2780 1158 2827 oum
1182 2760 1304 2827 soletur
1321 2764 1468 2827 emotum

327 2865 395 2946 Iob,
420 2865 597 2951 duplioeuit
619 2867 648 2933 ei
670 2867 819 2933 meritum
842 2865 874 2930 in
898 2865 994 2932 oeelio
1017 2871 1051 2932 et
1071 2865 1103 2931 in
1131 2870 1225 2944 tenu,
1253 2866 1330 2948 quie
1356 2869 1393 2932 et
1417 2866 1468 2932 hio

328 2976 442 3037 suetus
466 2974 517 3038 eet
538 2976 572 3038 et
593 2972 624 3037 in
650 2972 755 3039 oselos
779 2990 853 3037 oum
871 2973 1031 3037 uslustore
1045 2976 1206 3056 redeptus,
1226 2977 1264 3037 ιιι
1281 2972 1346 3038 ists
1363 2971 1470 3037 omnis

328 3075 368 3141 sd
391 3079 571 3141 serstorum
594 3075 761 3160 proficient
781 3076 926 3159 glorium,
949 3075 989 3141 sd
1011 3074 1128 3141 dioboli
1151 3093 1226 3140 uero
1249 3094 1396 3158 poenum.

699 3317 859 3385 cxvnn.
882 3319 937 3385 Dld
960 3317 1098 3386 roms.
1484 3353 1511 3399 ῃ

377 3463 404 3528 1.
428 3460 528 3526 Teuta
549 3459 750 3544 prouidentia
768 3462 819 3525 est
838 3460 955 3525 domini
975 3458 1025 3524 dei
1045 3459 1128 3525 eires
1146 3477 1215 3539 nos,
1233 3462 1273 3525 nt
1290 3478 1394 3526 errere
1413 3480 1470 3527 nos

329 3566 438 3631 nolens
467 3569 499 3631 et
525 3565 628 3651 legem
658 3570 690 3631 et
716 3564 860 3649 exemplu
885 3563 1037 3630 bonorum
1067 3582 1197 3647 operum
1224 3563 1323 3644 dmet,
1352 3565 1469 3648 quibus

329 3670 476 3737 modeste
493 3675 527 3736 et
543 3670 713 3754 tranquilla
731 3670 783 3756 egi
801 3670 905 3754 possit
921 3669 989 3735 uite
1007 3688 1080 3735 oum
1099 3669 1150 3735 dei
1167 3669 1292 3737 timore.
1311 3670 1366 3753 qui
1385 3670 1469 3742 enim

329 3783 441 3843 unctor
462 3777 547 3842 uites
571 3781 630 3854 est,
653 3795 714 3841 non
738 3777 811 3841 uult
829 3775 941 3859 utique
961 3794 1040 3859 opus
1060 3794 1154 3841 suurn
1173 3775 1265 3842 morti
1285 3793 1356 3841 esee
1375 3775 1470 3842 obno-

329 3883 425 3949 xium.
449 3882 595 3966 quemuis
618 3885 729 3947 nature
751 3882 821 3963 ipse
842 3879 924 3964 legis
951 3901 1011 3946 non
1040 3900 1148 3965 erpere
1176 3881 1229 3959 sit,
1256 3885 1362 3946 tomen
1394 3882 1469 3964 quis
1483 3907 1509 3954 es

330 3988 477 4054 dominus
500 3988 602 4054 bonus
621 3992 653 4054 et
670 3988 850 4053 misericors
869 3991 928 4069 est,
948 3991 985 4052 ιιι
1003 3987 1103 4052 meior
1120 3987 1234 4052 notitis
1251 4005 1361 4054 eorum
1385 3993 1470 4053 esset

419 4245 488 4302 dot.
507 4244 579 4299 Hiob
598 4246 624 4310 2,
642 4245 668 4300 2.
689 4245 722 4300 10
786 4246 818 4300 17
839 4243 871 4299 oi.
890 4245 961 4300 Hiob
979 4244 1023 4311 42,
1045 4244 1087 4299 10.
1107 4245 1140 4299 18
1203 4245 1238 4298 24
1256 4244 1290 4301 ci.
1309 4247 1371 4300 Aet.
1390 4245 1416 4309 d.
1438 4248 1469 4300 15

368 4404 429 4460 liu
448 4421 500 4460 oen.
518 4402 551 4458 N
618 4403 713 4459 hiisP
781 4404 864 4458 turmo
883 4403 1074 4458 detrimentum
1093 4403 1194 4458 inciens
1212 4419 1264 4459 oes.
1281 4402 1310 4456 P
1357 4404 1468 4458 duces·

330 4492 448 4550 duutN
518 4493 623 4564 doum]
643 4492 705 4548 durn
723 4492 751 4546 P
825 4491 925 4546 hicn!
994 4492 1025 4546 11
1046 4492 1150 4547 heoM
1166 4491 1322 4563 breomet)
1344 4491 1470 4560 ONRG

331 4582 423 4652 (sorr.)
479 4580 511 4635 12
530 4582 666 4651 promouit
685 4580 738 4636 ΟΔ
795 4582 828 4636 14
846 4579 937 4651 perdit
953 4579 981 4633 P
1035 4581 1068 4634 15
1086 4581 1173 4635 iustos
1190 4580 1276 4634 iustos
1294 4578 1323 4632 P
1376 4581 1410 4636 ld
1428 4597 1468 4635 re·

330 4673 534 4726 munererentur
554 4667 632 4724 0οΔ
738 4667 903 4725 eselsturt'
1018 4667 1051 4723 18
1074 4671 1200 4738 receptus
1218 4673 1261 4722 est
1277 4671 1334 4737 (est
1351 4685 1373 4728 s.
1393 4669 1425 4740 i.)
1440 4668 1473 4724 N

333 4759 366 4814 19
385 4757 494 4814 disbolo
512 4755 545 4812 N
595 4759 626 4813 21
648 4756 792 4828 prudentie
812 4754 894 4812 ONX
962 4756 1018 4827 dei]
1038 4756 1105 4811 deus
1123 4757 1214 4825 (sorr.)
1231 4756 1264 4809 N
1323 4756 1359 4812 25
1378 4773 1470 4830 expers

331 4847 380 4921 sit]
401 4846 519 4918 erpresit
537 4845 663 4918 Gprosit
681 4846 711 4900 X
761 4845 796 4902 26
815 4844 881 4900 deus
899 4845 927 4901 P
997 4846 1039 4915 ut]
1059 4849 1087 4899 et
1104 4845 1134 4898 X
1203 4849 1277 4901 esset
1294 4861 1388 4901 sorum
1406 4847 1434 4901 P
