3275 6434
1372 1778 1598 1862 QUAE.
1612 1778 2013 1847 STIONES

1254 1899 1582 1973 [sanem
1626 1898 2121 1971 sponsum]

883 2008 1001 2075 DE
1048 2008 1389 2076 um'nm
1433 2008 1548 2074 ET
1592 2006 1829 2075 NOUO
1876 2005 2498 2075 TESTAMENTO.

545 2202 576 2266 1
585 2201 787 2266 huius
795 2200 1703 2266 recensionis=1recenetbnis
1712 2201 2165 2284 quaestionum
2181 2219 2452 2264 numero
2466 2196 2828 2267 CXXVII.

429 2393 632 2458 ›⁵·11.
680 2390 1148 2459 ADUEBSUM
1192 2389 1348 2458 Eos
1406 2389 1554 2470 QUI
1606 2389 1956 2457 NEGANT
2010 2391 2125 2457 AD
2179 2390 2422 2457 DEUM
2474 2388 2826 2472 ALIQUID

1444 2496 1937 2565 PERTINERE.

639 2640 695 2703 1.
713 2636 961 2719 Multis,
992 2655 1150 2721 quos
1179 2636 1521 2702 saecularis
1549 2637 1678 2703 ista
1694 2636 1902 2721 caligo
1924 2635 2228 2715 caecauit,
2244 2635 2587 2721 plurimum
2609 2634 2824 2720 displi-

543 2762 786 2821 cemus,
834 2741 889 2807 si
934 2741 1195 2808 solliciti
1234 2740 1335 2807 dei
1373 2743 1709 2825 praecepta
1744 2759 2092 2819 seruemus,
2131 2740 2188 2806 si
2227 2738 2588 2806 occasiones
2625 2738 2821 2805 delin-

543 2847 775 2932 quendi
802 2846 1145 2933 fugiamus,
1176 2847 1232 2911 si
1261 2846 1423 2913 bona
1450 2847 1661 2912 omnia
1689 2846 1954 2912 salutari
1979 2845 2192 2914 studio
2218 2844 2483 2930 implere
2509 2863 2824 2927 conemur,

448 2971 506 3014 ιο
544 2954 601 3020 si
646 2953 1102 3019 inlecebrarum
1163 2951 1590 3034 uitiorumque
1645 2950 2076 3017 blandimenta
2118 2950 2478 3017 seductoria
2529 2949 2823 3036 neglega-

540 3078 709 3138 mus,
755 3058 812 3125 si
857 3057 1032 3124 nulla
1067 3076 1183 3123 nos
1221 3057 1532 3124 saeculari
1577 3056 1913 3124 dulcedine
1949 3057 2091 3141 capi
2126 3057 2461 3141 patiamur,
2498 3057 2554 3122 si
2592 3060 2821 3140 sponte

540 3183 653 3248 pro
682 3163 786 3229 dei
812 3163 1061 3230 nomine
1089 3162 1408 3229 cruciatus
1435 3181 1797 3246 poenasque
1833 3162 2198 3240 subeamus,
2229 3161 2285 3227 si
2311 3163 2576 3227 mortem
2612 3162 2817 3244 ipsam

541 3268 1077 3352 uirtute-spiritus
1115 3270 1612 3347 contemnamus,
1641 3268 1774 3334 illis
1810 3267 2126 3348 nimirum,
2161 3266 2394 3351 quibus
2432 3284 2615 3333 omne
2649 3263 2821 3350 quod

540 3376 783 3460 geritur
807 3393 1030 3441 sensus
1058 3375 1184 3439 iste
1212 3373 1497 3440 mortalis
1533 3392 1650 3440 nec
1682 3373 1872 3439 laude
1907 3392 2022 3439 nec
2058 3372 2521 3458 uituperatione
2556 3369 2817 3457 dignum

444 3501 498 3545 15
534 3500 676 3547 esse
721 3480 1055 3566 persuasit.
1104 3481 1330 3546 nolunt
1374 3479 1538 3545 enirn
1587 3479 1667 3546 ad
1713 3479 1903 3546 deum
1947 3479 2175 3546 horum
2213 3478 2453 3562 aliquid
2488 3477 2815 3563 pertinere,

623 3588 686 3651 2.
731 3584 1036 3652 Nonnulli
1096 3585 1257 3652 adeo
1315 3585 1553 3652 scelera
1598 3604 1715 3651 sua
1760 3585 2145 3668 criminaque
2191 3583 2520 3650 defendere
2568 3583 2818 3666 cupien-

532 3696 660 3758 tes:
726 3691 945 3770 ‘nihil’,
1007 3691 1322 3774 inquiunt,
1385 3691 1686 3775 ‘prodest,
1748 3690 1907 3756 bene
1972 3710 2048 3756 an
2119 3690 2287 3756 male
2350 3690 2553 3755 uiuae.
2614 3707 2817 3773 neque

535 3798 702 3863 enim
730 3797 859 3864 ieta
884 3816 1050 3863 nunc
1078 3796 1194 3863 deo
1234 3815 1384 3863 cura
1420 3800 1541 3876 est,
1582 3801 1658 3862 ut
1692 3800 1758 3863 te
1796 3797 2049 3863 diuersa
2083 3815 2196 3881 pro
2232 3796 2530 3863 instituto
2567 3795 2816 3881 proprio

536 3903 881 3987 morboque
899 3906 1221 3989 gerentem
1257 3902 1534 3970 sollicite
1562 3902 1822 3969 festinet
1849 3902 2130 3988 aspicere
2157 3904 2225 3968 et
2249 3901 2453 3969 foedis
2480 3899 2815 3984 aliquando

445 4031 502 4073 so
538 4008 668 4074 tuis
734 4009 981 4074 actibus
1046 4009 1266 4075 oculos
1329 4008 1728 4094 permiscere.
1795 4026 1958 4074 uana
2020 4013 2172 4074 sunt
2234 4007 2464 4086 omnia,
2529 4024 2689 4090 quae
2743 4009 2820 4072 ut

534 4113 790 4180 libitum
845 4115 1040 4181 fuerit
1096 4115 1512 4181 celebrantur.
1568 4114 1626 4180 is
1675 4114 1784 4198 qui
1830 4113 1911 4180 ad
1956 4113 2147 4180 deum
2200 4113 2473 4198 pertinet
2527 4117 2811 4179 secretus

539 4223 642 4286 est
686 4224 752 4286 et
793 4224 1075 4286 remotus
1129 4220 1208 4286 ab
1261 4220 1406 4286 istis
1461 4219 1654 4286 rebus
1707 4219 2005 4285 humanis
2059 4222 2127 4287 et
2167 4216 2310 4286 ideo
2357 4237 2471 4285 nec
2522 4219 2818 4284 irascitur

538 4344 654 4398 nec
699 4328 1011 4392 mouetur.
1068 4325 1244 4391 nulla
1285 4325 1382 4391 illi
1429 4325 1846 4391 humanarum
1890 4343 2125 4406 rerum,
2170 4324 2346 4390 nulla
2387 4323 2587 4390 nostri
2634 4326 2813 4388 actus

540 4435 643 4497 est
713 4431 1192 4516 contemplatioz
1272 4433 1450 4497 totus
1524 4430 1715 4496 rotati
1788 4430 2026 4497 saeculi
2089 4449 2315 4498 cursus
2377 4432 2445 4496 et
2504 4426 2811 4513 quaedam

447 4559 504 4604 ss
538 4535 843 4602 mundani
887 4536 1057 4602 orbis
1102 4535 1558 4620 inexplicabilis
1614 4535 1933 4603 uolutatio
1992 4537 2085 4601 ita
2138 4537 2496 4620 correptum
2540 4533 2708 4619 rapit
2751 4535 2819 4598 et

538 4643 788 4727 proicit,
834 4645 908 4709 ut
951 4641 1192 4708 stultus
1237 4641 1529 4707 credatur
1574 4642 1867 4726 quisquis
1913 4659 1983 4707 ee
2028 4641 2108 4707 ad
2145 4660 2359 4708 curam
2397 4639 2498 4706 dei
2534 4637 2818 4705 reuocari

538 4767 729 4833 posse
783 4747 1042 4833 putarit.
1091 4766 1207 4814 nec
1262 4751 1607 4832 martyrum
1666 4746 1922 4830 quidem
1979 4746 2338 4831 probandus
2392 4748 2494 4812 est
2544 4744 2816 4820 animus,

615 4926 641 4977 1
661 4921 1042 4979 INCIPIUNT
1063 4921 1367 4994 QUQDAM
1386 4919 1840 4987 QUESTIONEB
1859 4911 1973 4980 sc-1
1998 4919 2370 4978 mauswm
2373 4920 2398 4974 1
2424 4918 2526 4975 ΒΕ
2551 4917 2816 4975 omnm

536 5009 633 5065 m·
669 5008 870 5066 Nouo
908 5007 1391 5064 TESTAMENTO
1421 5009 1481 5064 D
1517 5008 1788 5081 incipiunt
1823 5010 2135 5081 questiones
2170 5008 2300 5065 noui
2324 5010 2383 5063 et
2406 5006 2609 5062 ueteris
2642 5009 2814 5061 testa·

537 5100 710 5155 menti
744 5097 811 5154 K
964 5096 1278 5153 Titulorum
1310 5097 1561 5166 indicens,
1598 5115 1752 5167 qm
1786 5098 2042 5154 exhibent
2076 5096 2300 5162 codices,
2335 5096 2426 5152 Mc
2460 5092 2596 5150 aare
2626 5109 2815 5163 snper·

536 5186 796 5255 sedemoe,
833 5187 1032 5257 puppe
1065 5187 1164 5254 qui
1198 5184 1528 5242 concordent
1551 5189 1678 5256 jere
1713 5187 1795 5242 ad
1824 5185 2053 5241 uerbum
2089 5201 2210 5242 cnm
2245 5185 2339 5252 eis,
2374 5183 2474 5253 qui
2505 5182 2624 5237 eine
2655 5182 2816 5250 infra

535 5276 657 5329 siue
689 5288 868 5342 supra
900 5272 1135 5343 rimulis
1179 5272 1596 5340 quaestionibus
1637 5278 1770 5328 eunt
1805 5273 2117 5344 praepositi
2275 5270 2346 5326 24
2381 5272 2503 5324 tota
2535 5272 2719 5337 (corr.)
2756 5267 2822 5322 D

537 5360 610 5416 2⁶
645 5375 900 5415 reuocare
937 5375 976 5412 a
1081 5360 1150 5412 27
1188 5360 1398 5431 putarit
1435 5359 1796 5431 Euryelos-eche
1831 5363 2050 5433 puteret
2080 5358 2242 5416 Dm:

2641 5461 2742 5516 ῃ*
