3275 6434
659 1427 950 1495 Prolegomena.
1297 1425 1373 1491 llll}

235 1628 378 1709 quartum
402 1623 542 1707 respicit.
567 1627 601 1687 et
618 1620 791 1686 doctrinam
815 1620 923 1695 talem,
944 1616 1046 1700 qualis
1066 1619 1133 1681 erat
1150 1615 1210 1680 sub
1228 1619 1372 1696 tempora

235 1729 416 1815 Augustini,
449 1728 620 1793 manifesta
648 1725 761 1791 aetatis
790 1743 866 1789 suae
894 1722 1074 1788 testimonia
1106 1720 1236 1804 praebet
1261 1722 1376 1784 auctor

236 1837 305 1918 ipse.
339 1834 548 1918 imperatores
580 1831 662 1897 enim
695 1829 937 1896 Constantinum
965 1825 1183 1892 Constantium
1211 1822 1369 1889 Iulianum

235 1940 372 2005 nominat
385 1940 409 2020 ¹)
432 1941 473 2016 et,
498 1937 559 2002 niti
580 1937 613 2000 in
637 1954 698 2001 uno
722 1935 792 2000 loco
815 1933 855 1997 de
874 1931 1027 2014 Procopio
1046 1931 1169 2014 cogitat
1185 1927 1318 2014 (quaest
1337 1927 1369 1991 ΙΙ

235 2067 259 2128 p.
282 2045 337 2120 18,
363 2045 406 2108 10
419 2040 490 2126 sa),
513 2042 720 2125 posteriorem
743 2038 876 2105 nullum.
901 2038 983 2103 intra
1004 2036 1155 2101 terminos
1178 2035 1274 2100 etiam
1298 2034 1370 2098 arti·

235 2169 297 2215 ores
328 2152 466 2214 aetatem
495 2148 564 2212 eius
593 2144 721 2211 delinire
748 2144 833 2209 lieet.
859 2143 890 2207 in
919 2144 1042 2223 quaest.
1065 2138 1185 2205 XLIIII
1208 2139 1288 2205 dicit
1308 2141 1371 2203 tre·

234 2259 337 2319 centos
371 2253 497 2318 circiter
527 2270 624 2317 annos
657 2249 855 2334 praeteriisse
886 2250 960 2328 post
986 2246 1141 2311 excidium
1169 2245 1371 2310 Hierusalem

234 2360 271 2442 lp.
295 2359 352 2434 80,
377 2357 482 2440 3ss.l‚
506 2356 538 2421 id
562 2354 646 2438 quod
670 2373 784 2419 annum
809 2354 874 2417 370
897 2352 1023 2418 indicat.
1042 2351 1220 2417 Pannonias
1243 2368 1373 2434 quoqne

234 2464 380 2540 nasutio,
404 2480 484 2546 quae
505 2480 561 2543 per
584 2457 712 2537 Quados
735 2463 769 2523 et
790 2457 949 2524 Sarmatas
973 2459 1057 2522 tacta
1078 2459 1128 2520 est
1145 2474 1224 2521 anno
1242 2456 1318 2534 374,
1336 2455 1370 2520 in

234 2577 351 2652 quaeat.
386 2567 469 2633 CXV
502 2578 626 2631 narrata
657 2569 714 2630 est
746 2563 888 2640 Eusebii,
924 2563 992 2628 sine
1029 2562 1124 2627 dubio
1158 2557 1372 2626 vercellensis

233 2676 261 2751 rt
283 2675 379 2755 371),
403 2672 536 2748 dictum,
559 2676 597 2736 ut
616 2671 675 2734 uiri
694 2669 851 2751 quondam
869 2669 952 2734 inter
970 2669 1062 2733 uiuos
1082 2668 1136 2750 (ct.
1155 2686 1186 2748 p.
1206 2668 1281 2743 384,
1300 2667 1367 2748 22),

233 2778 282 2842 sed
299 2797 363 2842 non
383 2778 485 2842 multo
504 2780 576 2841 ante
596 2775 748 2850 defuncti,
768 2774 798 2839 in
819 2778 941 2857 quaest.
961 2771 1073 2839 CXXV
1093 2772 1255 2837 refutatur.
1274 2789 1370 2855 paga·

233 2901 337 2947 norum
363 2883 457 2958 ritus,
482 2881 586 2963 qualis
605 2879 782 2962 descriptus
801 2882 852 2945 est
869 2883 1002 2962 (quaest.
1020 2877 1165 2959 CXIIII),
1183 2897 1244 2944 non
1262 2877 1368 2960 potuit

233 2989 363 3052 existere
396 2991 470 3071 post
501 3005 613 3051 annum
648 2986 721 3063 382,
758 3003 819 3067 quo
854 2984 1023 3051 Gratianus
1060 2984 1141 3049 bona
1175 2982 1370 3065 templorum

233 3093 408 3175 publicauit
431 3095 464 3156 et
486 3091 664 3156 sacerdotes
687 3091 864 3174 priuilegiis
888 3090 1037 3156 destituit
1057 3089 1218 3173 (dumont,
1236 3089 1312 3153 lieo.
1334 3089 1371 3149 rl'·

233 3197 312 3262 Hiar.
338 3198 432 3262 etde
454 3196 533 3260 sic.
558 3197 658 3281 Helr'p.
691 3195 782 3260 VIII
798 3217 829 3279 p.
854 3195 943 3281 421).
972 3196 1047 3261 haec
1076 3194 1154 3261 satit
1176 3195 1216 3259 ad
1239 3200 1368 3276 tempure

233 3301 450 3367 deliniendum.

270 3405 381 3472 Nihilo
405 3406 509 3471 minus
532 3410 582 3471 est
604 3424 660 3471 cnr
681 3424 804 3471 reamur
822 3425 903 3489 opus
922 3406 1090 3471 collectum
1109 3424 1186 3472 aeuo
1205 3407 1368 3488 aliquanto

233 3511 402 3577 recentiore
424 3511 590 3594 prodiisse,
613 3512 798 3594 praesertim
825 3530 896 3575 enm
921 3511 989 3577 ueri
1012 3512 1211 3577 simillimum
1235 3513 1279 3578 ait
1300 3514 1365 3578 lon·

231 3616 330 3700 mores
362 3615 471 3681 saltim
503 3616 704 3698 qnaestIones
737 3619 775 3681 ut
805 3615 932 3681 libellos
965 3617 1134 3698 separatim
1167 3636 1237 3682 esse
1264 3617 1365 3699 primo

232 3720 339 3789 editas.
358 3721 572 3805 Hieronymus
595 3722 680 3786 enim
702 3740 783 3787 anno
802 3726 839 3786 ut
857 3720 984 3788 uidetur
1001 3723 1066 3799 384
1084 3722 1255 3805 respondet
1273 3741 1366 3804 quae·

232 3827 387 3892 monibus
410 3846 429 3891 a
451 3827 588 3891 Damaso
615 3828 787 3911 propositis
816 3827 965 3909 quinque,
993 3846 1073 3909 quae
1101 3846 1209 3893 omnes
1237 3826 1367 3892 eaedem

233 3936 301 3997 sunt
328 3950 365 3997 ac
395 3931 596 4013 quaestiones
623 3937 749 3997 nostrae
777 3933 831 3997 Vl.
860 3931 961 3996 VIIII.
984 3933 1022 3997 x.
1045 3931 1117 3998 XII.
1140 3931 1195 3997 XI.
1223 3935 1274 3998 uix
1298 3933 1367 3998 lieri

233 4037 332 4120 potnIt
353 4038 431 4120 quin
454 4037 610 4102 Damasus
634 4056 727 4121 opere
750 4042 856 4104 nostro
875 4057 911 4104 eo
931 4055 1010 4103 anno
1028 4037 1110 4103 lecto
1130 4043 1366 4122 pennousretnr

233 4146 264 4208 nt
273 4141 467 4208 mittentium
481 4141 621 4225 primarii
639 4143 689 4206 sui
703 4143 843 4208 asseclae
857 4147 1028 4225 quaereret
1042 4143 1125 4226 apud
1139 4143 1365 4226 Hieronymum

233 4248 320 4313 etim
344 4251 469 4312 certum
491 4247 643 4311 indicium
667 4250 717 4312 est
743 4248 938 4330 quaestionis
961 4248 1002 4314 cl
1024 4249 1057 4313 in
1084 4267 1177 4314 usum
1205 4250 1368 4315 adhibitae

233 4353 333 4436 topica
360 4349 438 4436 146)
460 4370 540 4418 anno
562 4353 682 4420 incerto
706 4353 879 4436 eodemque
896 4354 1031 4419 fortasm
1048 4372 1127 4418 anno
1147 4356 1365 4437 quaestionem

233 4455 346 4523 dllIIlI
374 4476 395 4521 a
421 4461 530 4523 sancto
557 4457 685 4524 doctore
712 4459 864 4524 acerrimo
892 4458 1009 4524 iudicio
1037 4477 1107 4524 esse
1138 4463 1364 4540 pertractatam

236 4564 336 4646 (epist
360 4563 415 4638 73,
438 4562 632 4645 annit39tlll
654 4568 752 4646 patet.

269 4666 353 4748 Quo
378 4668 466 4733 loeo
490 4669 670 4752 scriptae
690 4670 773 4735 sint
791 4671 992 4752 quaestiones
1012 4668 1129 4734 t'Xllll
1149 4667 1283 4733 cccxv
1302 4688 1361 4735 non

236 4776 332 4855 potest
354 4771 508 4839 dubitari:
527 4775 615 4840 urbia
639 4775 721 4840 enim
745 4776 863 4841 Romae
890 4775 990 4839 uitam
1017 4792 1124 4838 ueram
1152 4773 1303 4850 redolent,
1331 4784 1364 4840 st

238 4877 306 4942 lane
333 4878 485 4962 crIginem
515 4878 704 4946 confitentur
730 4880 827 4944 uerba
853 4881 905 4944 leia
927 4881 964 4943 eie
987 4880 1063 4944 tote
1086 4879 1190 4943 Ronrc
1213 4877 1225 4943 l
1229 4901 1258 4962 p.
1286 4881 1361 4945 323.

240 4982 294 5067 ll).
314 4985 345 5049 in
365 4989 487 5065 quaest.
507 4983 548 5050 cl
567 5004 692 5068 quoque
714 4986 872 5050 miamin
891 4985 1167 5049 Rornanorum
1190 4984 1361 5049 [estildtune

242 5088 426 5172 inpugnatur,
440 5091 524 5171 quod
540 5108 808 5174 supemacaneum
823 5094 919 5167 esset,
934 5089 959 5154 si
980 5089 1055 5153 alibi
1074 5089 1226 5155 scriberet
1243 5095 1364 5155 auctor.

278 5273 297 5333 ¹l
312 5276 424 5332 Videtur
441 5276 566 5333 Iulianus
584 5279 612 5332 iu
631 5281 734 5348 quaest.
755 5277 851 5333 XXXV
870 5293 977 5348 quoque
995 5277 1100 5333 occulte
1119 5276 1273 5348 significari.
