3275 6434
454 2085 484 2126 ὁ

429 2614 485 2656 10

429 3141 486 3183 15

1416 1450 1564 1522 Cap.
1599 1450 1752 1508 xcn
1789 1454 1945 1508 1-5.
2678 1458 2813 1524 479

525 1646 754 1729 utique
793 1649 938 1711 ante
974 1645 1282 1711 mundum
1319 1650 1562 1712 creatae
1599 1647 1844 1713 subolis
1883 1646 2326 1733 principatum,
2355 1648 2434 1714 de
2461 1667 2587 1731 quo
2615 1648 2811 1715 rebus

526 1751 812 1818 oriundis
857 1752 1339 1835 impertiebatur
1381 1754 1759 1836 exemplum,
1808 1756 1882 1818 ut
1918 1753 2316 1838 gignentium
2352 1755 2634 1840 germina
2669 1754 2807 1820 suis

523 1857 906 1942 respendere
954 1857 1305 1924 seminibus
1351 1863 1745 1942 cogerentur.
1789 1878 1903 1924 nec
1950 1878 2100 1925 sane
2145 1860 2329 1926 aliter
2370 1859 2621 1925 sinebat
2654 1860 2810 1926 ordo

522 1963 880 2047 legitimus,
938 1982 1126 2044 quam
1184 1970 1259 2029 ut
1312 1968 1487 2046 pater
1540 1982 1749 2029 rerum
1805 1965 2060 2030 futurus
2114 1970 2258 2031 ante
2312 1983 2456 2033 esse
2517 1964 2806 2031 debuerit

528 2077 710 2151 pater
754 2069 1063 2152 proprius,
1112 2068 1231 2133 boc
1279 2073 1379 2134 est
1420 2070 1655 2152 proprii
1703 2070 1804 2133 sui
1852 2070 2083 2136 foetus.

621 2178 678 2239 4.
718 2174 843 2240 Sed
879 2173 1048 2257 quod
1088 2175 1326 2240 editum
1364 2173 1566 2239 filium
1605 2174 1898 2253 diximus,
1928 2195 2048 2241 non
2088 2176 2180 2240 sic
2218 2180 2317 2242 est
2352 2175 2807 2259 accipiendum,

525 2286 859 2362 tamquam
917 2280 1115 2344 nostri
1171 2278 1444 2344 similem
1502 2280 1734 2344 babeat
1787 2287 1996 2346 ortum
2052 2284 2366 2365 natusque
2421 2281 2514 2347 ita
2574 2281 2682 2359 sit,
2733 2289 2811 2346 ut

527 2387 830 2449 mortales
870 2386 1042 2450 nasci
1082 2384 1397 2462 uidemus,
1436 2404 1579 2450 cum
1620 2390 2066 2469 prorumpente
2109 2387 2285 2452 foetu
2331 2386 2605 2452 existant
2647 2405 2808 2470 quae

527 2495 673 2554 ante
718 2509 838 2554 non
886 2490 1152 2555 fuerant.
1201 2488 1312 2555 illa
1358 2491 1524 2555 enim
1568 2491 1820 2556 aliunde
1865 2491 2075 2556 insitis
2112 2488 2416 2576 concepta
2458 2493 2810 2558 seminibus

526 2596 987 2660 elementorum
1018 2594 1318 2660 distantia
1350 2597 1413 2660 in
1454 2599 1708 2660 coetum
1748 2597 1848 2660 sui
1884 2598 2130 2681 generis
2168 2597 2381 2679 specie
2417 2598 2809 2673 coalescunt3

528 2702 635 2766 bic
684 2705 895 2766 autem
955 2700 1262 2766 diuinitus
1309 2702 1484 2769 nullo
1539 2703 1771 2766 auxilio
1836 2702 2235 2768 admixtionis
2290 2707 2575 2769 externae
2621 2722 2692 2769 ex
2739 2722 2810 2769 se

526 2806 616 2879 id,
675 2806 841 2889 quod
899 2807 959 2869 in
1022 2825 1088 2870 se
1146 2826 1218 2871 ac
1268 2826 1482 2872 secum
1540 2826 1791 2890 semper
1845 2807 2086 2885 babuit,
2143 2807 2359 2872 eduxit
2410 2813 2477 2874 et
2518 2809 2806 2892 protulit.

526 2915 604 2975 ιιι
642 2912 829 2986 enim,
872 2913 925 2975 si
964 2912 1168 2976 lucem
1210 2913 1380 2976 nasci
1420 2931 1491 2976 ex
1529 2913 1664 2977 sole
1712 2910 2017 2990 dicamus,
2065 2913 2233 2996 quod
2278 2913 2355 2978 ab
2402 2932 2475 2978 eo
2509 2914 2813 2998 procedat

527 3021 595 3082 et
642 3017 931 3101 profluat,
980 3035 1099 3081 non
1150 3017 1366 3100 utique
1413 3017 1505 3083 sic
1552 3016 1845 3096 dicimus,
1885 3018 2067 3101 quasi
2103 3018 2438 3102 aliquando
2485 3019 2620 3085 sine
2663 3019 2812 3085 luce

529 3122 633 3189 sol
679 3126 792 3187 aut
839 3140 981 3187 esse
1028 3124 1233 3204 possit
1288 3126 1399 3189 aut
1453 3122 1667 3201 suerit,
1723 3127 1795 3188 ut
1851 3142 1986 3188 eam
2043 3128 2326 3208 tempore
2382 3125 2594 3208 aliquo
2650 3143 2688 3190 a
2741 3143 2812 3191 se

529 3228 855 3310 superiore
887 3229 1303 3312 generauerit,
1339 3229 1448 3294 sed
1476 3232 1567 3304 ιιι,
1599 3229 1767 3311 quod
1800 3248 2016 3293 secum
2046 3248 2297 3313 semper
2332 3230 2630 3312 obtinuit,
2669 3249 2808 3296 eam

530 3333 612 3395 de
652 3351 719 3396 se
759 3332 1005 3397 scilicet
1042 3334 1320 3418 genitam
1368 3334 1502 3400 sine
1548 3335 1757 3419 coepti
1804 3334 2015 3415 aliqua
2051 3334 2454 3401 distinctione
2500 3336 2810 3420 principii,

531 3439 686 3520 quia
722 3457 972 3521 semper
1008 3439 1270 3522 fulgeat,
1309 3458 1556 3523 semper
1593 3458 1664 3504 ex
1703 3457 1770 3502 se
1809 3440 1990 3504 uelut
2016 3458 2272 3505 munere
2307 3427 2631 3524 reparante
2666 3460 2810 3507 con·

529 3544 786 3618 lustret,
835 3544 926 3608 sic
965 3543 1065 3608 dei
1111 3543 1281 3609 filius
1329 3545 1406 3610 ab
1455 3550 1705 3610 aeterno
1755 3546 1916 3629 patri
1964 3547 2300 3611 cohaerens
2348 3547 2508 3612 hanc
2555 3566 2807 3631 quoque

526 3650 673 3720 ,eius
721 3648 1198 3714 similitudinem
1248 3651 1471 3726 tenuit,
1520 3654 1593 3716 ut
1638 3669 1752 3715 nec
1799 3653 2005 3716 ortum
2060 3651 2293 3716 habeat
2334 3670 2449 3717 nec
2495 3670 2811 3718 occasum.

531 3760 601 3819 et
635 3760 708 3819 ut
744 3755 900 3819 deus
941 3754 1074 3819 sine
1114 3756 1353 3839 origine
1399 3756 1846 3839 sempiternus,
1895 3756 1986 3821 ita
2030 3761 2096 3822 et
2137 3756 2308 3822 filius
2356 3758 2809 3841 sempiternusz

532 3866 601 3924 et
652 3865 727 3925 ut
782 3860 935 3924 deus
994 3879 1156 3924 unus
1212 3865 1328 3940 est,
1384 3861 1649 3943 simplex
1703 3862 2019 3944 idemque,
2076 3863 2169 3927 sic
2234 3882 2377 3928 cum
2440 3868 2618 3946 patre
2670 3883 2807 3948 per-

530 3967 789 4033 mixtus.
826 3969 899 4030 ut
934 3966 1293 4032 nominibus
1332 3970 1397 4031 et
1431 3966 1786 4033 adfectibus
1832 3967 2117 4033 distincti
2162 3968 2438 4052 quidem,
2483 3969 2595 4034 sed
2636 3968 2806 4033 idem

530 4072 682 4145 sint,
729 4072 790 4134 in
830 4071 1137 4136 ambobus
1175 4091 1340 4136 unus
1377 4075 1443 4137 et
1477 4077 1742 4156 uterque
1777 4073 1839 4138 in
1877 4091 2001 4138 uno
2037 4073 2439 4157 inseparabili
2476 4073 2809 4140 maiestate

529 4177 890 4242 continuus.

626 4286 687 4348 5.
737 4282 908 4348 Deus
964 4283 1176 4365 itaque
1221 4282 1424 4347 filium
1471 4302 1590 4348 non
1639 4303 1711 4349 ex
1758 4284 2036 4349 materiis
2090 4282 2597 4350 discordantibus
2643 4289 2805 4349 trac-

710 4490 744 4542 5
782 4486 850 4541 cf.
885 4487 1002 4541 Iob.
1041 4489 1091 4552 5,
1134 4488 1200 4542 18

603 4611 638 4663 2
676 4608 946 4680 partiebat
982 4609 1049 4663 K
1080 4608 1429 4679 impertiebat
1465 4627 1504 4664 a
1663 4612 1697 4665 8
1732 4611 1984 4666 sumebat
2018 4611 2085 4665 K
2217 4612 2253 4667 4
2290 4611 2552 4667 debuerat
2585 4628 2704 4666 esse
2739 4611 2807 4667 K

530 4699 564 4750 7
603 4702 870 4766 natusque
907 4698 989 4751 ita
1024 4698 1115 4766 sit]
1154 4696 1331 4752 Natus
1366 4698 1553 4768 itaque
1590 4714 1700 4752 non
1737 4699 1816 4753 sic
1851 4699 1912 4753 D
2015 4701 2049 4754 8
2088 4699 2335 4754 uidemur
2368 4699 2429 4755 D
2522 4699 2558 4754 ⁹
2592 4699 2801 4770 insitis]

528 4787 585 4839 in
627 4785 742 4838 suis
777 4783 844 4838 K
949 4787 1015 4840 10
1054 4784 1318 4840 distantia
1351 4785 1406 4840 in
1445 4790 1659 4840 coetum
1695 4787 1780 4840 sui
1816 4788 2028 4856 generis
2064 4787 2244 4858 specie
2279 4787 2339 4842 D
2382 4786 2704 4842 distanciam
2742 4789 2797 4842 iu

528 4875 679 4928 coitu
736 4872 818 4926 sui
874 4874 1090 4942 generis
1150 4873 1382 4943 speeiem
1420 4872 1488 4926 K
1535 4874 1899 4929 subiectorum
1952 4879 2109 4929 coetu
2162 4877 2217 4929 in
2274 4875 2486 4946 generis
2539 4875 2623 4929 sui
2673 4890 2796 4944 spe·

526 4962 666 5016 ciem
705 4977 743 5014 a
887 4961 945 5015 11
988 4960 1122 5015 baec
1158 4961 1258 5015 Ka
1398 4961 1663 5016 diuinitus
1700 4978 1802 5018 ons.
1842 4979 1879 5016 a
2028 4962 2393 5017 adiunctionis
2430 4979 2469 5016 a
2613 4962 2680 5018 12
2715 4963 2800 5016 in·

525 5047 685 5103 duxit
719 5064 756 5101 a
937 5048 1003 5101 13
1041 5047 1281 5103 dicamus
1317 5064 1380 5103 ex
1413 5049 1531 5103 sole
1567 5049 1632 5102 K
1815 5050 1882 5105 16
1917 5051 2267 5121 posteriorem
2306 5049 2408 5105 Ka
2591 5065 2805 5120 semper

523 5152 710 5191 secum
746 5136 811 5189 Κ
899 5137 961 5190 17
999 5136 1264 5207 principio
1301 5135 1361 5190 D
1452 5137 1518 5192 18
1555 5154 1663 5206 qua
1696 5137 1797 5193 Ka
1898 5140 1964 5193 19
2001 5140 2163 5209 patri]
2200 5140 2345 5193 omni
2381 5139 2524 5209 patri
2561 5136 2625 5192 K
2658 5141 2803 5206 (ap.

523 5225 716 5292 omni).
754 5242 790 5277 α
908 5225 1144 5295 quoque]
1186 5224 1317 5279 aad.
1356 5229 1414 5280 et
1447 5224 1514 5279 K
1612 5226 1685 5281 22
1722 5225 1820 5297 sic]
1860 5230 1917 5281 et
1952 5227 2018 5281 K
2117 5227 2186 5282 23
2223 5225 2438 5298 quidem
2478 5225 2721 5281 distincti
2760 5242 2802 5278 a

521 5312 691 5367 iidem
732 5311 799 5366 K
897 5312 967 5368 26
1003 5312 1153 5368 Deus
1190 5314 1396 5385 itaquel
1433 5312 1517 5369 De
1552 5314 1661 5369 biis
1696 5315 1848 5385 itque
1885 5314 1951 5369 K
