3275 6434
1622 746 1862 982 -

665 1475 790 1540 172
1447 1473 1647 1530 Liber
1681 1473 2145 1545 quaestionum

655 1665 891 1750 diguus
956 1670 1073 1745 est,
1142 1667 1290 1749 quia
1355 1685 1575 1733 uerum
1642 1666 1809 1750 apud
1872 1666 2056 1732 illum
2119 1686 2345 1732 uerum
2408 1672 2509 1734 eat
2571 1672 2636 1734 et
2697 1669 2936 1735 falsum

657 1770 906 1836 falsum.
952 1791 1093 1836 nam
1137 1771 1312 1838 istud
1358 1770 1677 1837 mendacis
1722 1775 1841 1851 eat,
1884 1776 1959 1836 ut
2002 1771 2234 1838 falsum
2281 1773 2451 1838 dieat
2486 1793 2727 1854 uerum,
2765 1774 2935 1858 quod

654 1875 775 1942 deo
822 1897 941 1943 non
990 1879 1286 1961 conpetit.
1341 1897 1484 1942 nam
1543 1878 1755 1943 omnia
1807 1876 2063 1960 quidem
2117 1881 2334 1961 potest
2384 1878 2564 1959 deus,
2631 1880 2744 1945 aed
2811 1897 2933 1945 non

656 1980 812 2047 facit
853 1981 976 2048 nisi
1023 1983 1190 2064 quod
1236 1983 1569 2049 conueniat
1613 1983 1869 2048 ueritati
1917 1982 2055 2048 eiua
2102 1982 2307 2067 adque
2351 1983 2656 2050 iustitiae.

743 2090 800 2151 2.
829 2088 1238 2154 Manifestum
1258 2089 1455 2173 igitur
1473 2094 1573 2154 eat
1588 2089 1822 2154 ideirco
1842 2107 2065 2155 uerum
2087 2089 2211 2156 diei
2228 2089 2429 2155 fllium
2457 2089 2560 2154 dei
2579 2089 2930 2169 Clu-iatum,
2990 2108 3019 2151 ι

654 2197 728 2259 ut
762 2194 1074 2277 proprius,
1120 2195 1187 2259 id
1234 2199 1335 2260 est
1370 2195 1448 2260 de
1485 2195 1846 2260 substantia
1880 2196 2019 2260 eiua
2067 2200 2254 2261 uatus
2292 2195 2717 2281 intellegatur.
2764 2195 2932 2262 uude

651 2303 721 2363 et
747 2299 1103 2381 apostolus:
1135 2301 1268 2383 qui
1298 2301 1650 2383 proprio,
1678 2300 1907 2384 inquit,
1946 2300 2132 2366 filio
2161 2319 2308 2366 nou
2347 2300 2744 2384 pepercit,
2776 2301 2930 2365 etin

655 2405 780 2470 alia
813 2405 1114 2487 epistula:
1160 2406 1290 2487 qui
1333 2424 1504 2470 cum
1545 2406 1617 2481 iu
1658 2406 1915 2471 forma
1952 2405 2076 2470 dei
2108 2410 2349 2484 esset,
2380 2424 2526 2471 non
2565 2407 2931 2490 rapinam

650 2509 1105 2576 arbitratus
1164 2513 1294 2575 eet
1347 2529 1522 2576 ease
1569 2529 1652 2576 ee
1689 2529 1952 2594 parem
1992 2509 2152 2577 deo.
2209 2510 2266 2576 ei
2302 2530 2450 2597 ergo
2488 2529 2608 2577 non
2645 2511 2931 2595 rapinam

654 2615 995 2680 arbitratus
1060 2620 1159 2680 est
1236 2615 1448 2682 dicens
1515 2635 1583 2682 se
1646 2635 1860 2700 parem
1926 2617 2064 2699 deo,
2139 2635 2364 2682 uerum
2428 2637 2497 2682 ae
2558 2617 2761 2683 fllium
2826 2617 2932 2681 dei
2968 2637 3045 2683 ιιι

652 2720 1125 2786 demonstrauit.
1172 2720 1287 2786 deo
1344 2722 1509 2786 enim
1565 2741 1678 2804 par
1732 2739 1871 2788 esse
1928 2742 2048 2788 non
2105 2727 2370 2806 poterat,
2424 2723 2549 2787 nisi
2612 2727 2789 2788 esset
2851 2721 2930 2786 de

650 2826 814 2908 ipso.
852 2845 1033 2909 pares
1081 2827 1246 2892 enim
1293 2827 1358 2891 hi
1405 2831 1574 2906 sunt,
1622 2829 1732 2911 qui
1779 2832 1893 2893 aut
1936 2828 2120 2893 ambo
2179 2828 2313 2893 ueri
2381 2832 2532 2893 eunt
2574 2832 2687 2893 aut
2739 2827 2928 2895 ambo

646 2930 814 2996 falsi.
860 2950 974 2996 nec
1022 2932 1184 2996 enim
1233 2933 1613 3015 parilitatem
1661 2932 1886 3018 recipit
1932 2938 2226 3017 coeptum
2272 2935 2399 3016 <et>
2444 2938 2769 2999 aeteruum
2818 2938 2932 2998 aut

652 3036 983 3106 unitatem.
1043 3056 1237 3101 unum
1295 3038 1461 3102 enim
1528 3057 1596 3102 se
1662 3056 1803 3103 esse
1869 3037 2131 3103 (licendo
2194 3037 2485 3103 Christus
2543 3057 2684 3103 cum
2751 3042 2929 3123 patre

651 3160 864 3224 parem
912 3162 981 3207 se
1038 3141 1153 3207 deo
1208 3142 1381 3210 feeit.
1447 3161 1592 3208 non
1657 3143 1916 3208 solum
1969 3144 2195 3222 enim,
2256 3144 2481 3226 iuquit.
2544 3144 3016 3210 eoluebatu

652 3247 1094 3327 sabbatum,
1169 3247 1304 3313 sed
1382 3253 1458 3313 et
1521 3253 1825 3330 patrem
1891 3249 2301 3333 proprium
2371 3249 2531 3314 sibi
2597 3249 2930 3314 dicebat

653 3352 901 3428 deum,
950 3354 1364 3436 aequalem
1412 3373 1491 3418 se
1540 3353 1853 3419 faciens
1903 3354 2067 3431 dee,
2116 3354 2233 3419 boc
2293 3359 2394 3419 est
2441 3373 2675 3438 parem.
2725 3374 2927 3421 nonne

650 3458 1057 3523 manifestum
1119 3461 1219 3524 est
1274 3458 1722 3541 aequalitatem
1777 3458 1937 3523 hauc
1995 3459 2071 3523 de
2124 3459 2504 3541 proprietate
2566 3459 2926 3525 natiuitatis

651 3561 1071 3628 deseendere‘?
1117 3563 1439 3647 proprium
1479 3563 1646 3628 enim
1684 3583 1771 3631 se.
1811 3563 1875 3629 id
1914 3569 2014 3630 est
2053 3583 2293 3644 uerum,
2330 3564 2546 3630 dicens
2583 3564 2684 3629 dei
2721 3564 2922 3630 filium

650 3668 976 3750 aequalem
1022 3688 1091 3735 ae
1130 3669 1401 3735 faciebat
1445 3670 1579 3735 deo.
2958 3698 3007 3738 ιο

739 3774 797 3836 3.
863 3772 1025 3838 Hinc
1081 3779 1179 3839 est
1234 3775 1398 3838 unde
1465 3774 1647 3839 dicit:
1715 3775 1847 3856 qui
1903 3793 2015 3838 me
2083 3773 2317 3851 uidit,
2384 3774 2599 3840 uidit
2662 3778 2740 3840 et
2803 3795 2927 3858 pa·

647 3882 867 3943 trem.
911 3898 1022 3962 per
1067 3878 1131 3943 id
1178 3879 1345 3961 quod
1392 3879 1555 3945 enim
1605 3880 2108 3945 consubstantiui
2147 3882 2317 3958 sunt,
2365 3881 2475 3964 qui
2515 3897 2706 3944 unum
2747 3879 2925 3946 uidet

647 3983 869 4048 ambos
924 3984 1118 4049 uidet.
1176 3987 1378 4050 sicut
1432 3985 1622 4049 enim
1682 3986 1907 4051 habet
1978 3989 2194 4068 pater
2258 3985 2492 4050 uitam
2564 3985 2634 4049 in
2685 3990 2927 4053 semet

648 4091 832 4170 ipso,
901 4091 1009 4156 sic
1074 4090 1284 4156 dedit
1357 4093 1430 4155 et
1494 4090 1663 4157 silio
1729 4091 1998 4157 babere
2066 4091 2320 4169 uitam,
2385 4090 2504 4157 hoc
2552 4096 2651 4156 eat
2694 4109 2922 4174 aequa·

645 4197 767 4261 lem
845 4196 966 4260 sibi
1039 4197 1260 4279 genuit
1331 4194 1530 4261 fllium
1605 4200 1809 4279 pater:
1868 4201 1932 4260 et
1988 4197 2197 4261 omnia
2268 4215 2429 4279 quae
2501 4195 2700 4278 patris
2774 4200 2925 4262 eunt
2960 4226 3012 4265 ·.».·.

649 4303 762 4366 filii
837 4307 988 4367 sunt
1058 4308 1121 4367 et
1194 4321 1350 4384 quae
1425 4307 1574 4366 eunt
1638 4302 1749 4366 filii
1814 4302 2009 4386 patris
2076 4307 2248 4378 sunt;
2315 4306 2381 4367 et
2452 4320 2631 4367 nemo
2706 4305 2919 4385 potest

823 4510 854 4562 5
893 4508 959 4564 es.
997 4508 1022 4563 1
1066 4507 1179 4562 loli.
1219 4511 1268 4572 5,
1309 4509 1378 4563 20
1489 4509 1519 4562 7
1559 4508 1711 4563 Rom.
1748 4507 1800 4575 8,
1837 4508 1907 4563 82
2016 4510 2051 4564 8
2085 4508 2227 4564 Phil.
2267 4510 2318 4577 2,
2357 4510 2390 4564 6
2501 4510 2567 4562 15
2604 4508 2719 4562 Iob.
2757 4509 2810 4572 5,
2854 4508 2919 4563 18

647 4599 710 4652 21
753 4597 867 4651 1011.
908 4599 989 4661 1⁴,
1027 4599 1060 4651 9
1132 4598 1201 4652 23
1240 4597 1356 4651 1011.
1395 4599 1446 4660 ἴ),
1484 4597 1553 4652 26
1626 4597 1696 4651 25
1735 4595 1802 4651 cf.
1841 4596 1955 4653 Iob.
1992 4597 2073 4660 17,
2112 4596 2178 4651 10
2250 4597 2319 4649 26
2357 4595 2570 4652 cs.1011.
2613 4596 2695 4658 10.
2723 4595 2811 4651 28.
2850 4597 2920 4651 29

456 4723 652 4793 ‹11:121’
724 4722 747 4775 1
798 4721 992 4774 salsum
1037 4737 1176 4773 eran.
1220 4721 1266 4774 G
1474 4721 1508 4773 2
1554 4721 1703 4787 nam!
1754 4734 1875 4772 nam
1922 4719 1969 4771 ri
2012 4717 2178 4772 CNX
2396 4718 2430 4771 ⁴
2469 4718 2831 4772 conueniat...
2876 4718 2925 4772 C

647 4810 677 4862 ‘a’
717 4813 774 4862 et
810 4807 928 4877 ast]
968 4808 1062 4862 aed
1097 4810 1179 4876 (et
1214 4807 1346 4862 add.
1374 4823 1416 4861 a.
1449 4806 1485 4860 1.
1514 4810 1627 4871 2⁸⁸2)
1656 4804 1730 4859 M
1832 4806 1865 4859 9
1903 4821 2136 4876 pa·.rem
2173 4805 2249 4859 M
2372 4805 2438 4859 12
2477 4805 2594 4875 ipae
2632 4811 2689 4872 (ο
2725 4809 2825 4860 ¹012
2858 4807 2922 4860 in

646 4901 779 4961 rae.)
809 4895 882 4950 Μ
1035 4896 1114 4949 hii
1142 4894 1321 4949 ΗΓΒ
1467 4895 1532 4948 13
1571 4896 1629 4947 et
1667 4893 1800 4948 add.
1836 4893 2199 4964 Enyelbrecht
2241 4893 2457 4948 Turne·-
2601 4894 2668 4948 14
2703 4908 2764 4947 ae
2802 4909 2923 4948 esee

645 4983 896 5054 diceudo]
934 4981 1162 5037 dicendo
1190 4981 1265 5035 M
1295 4981 1520 5037 dicendo
1557 4997 1615 5036 ae
1653 4997 1771 5036 ease
1798 4982 1859 5034 X
1999 4985 2152 5051 patre
2189 4986 2348 5048 (corr.
2375 4983 2471 5036 20⁸2
2504 4985 2738 5050 patrem)
2764 5005 2825 5033 o·
2849 4980 2927 5035 M

653 5074 718 5129 15
752 5088 810 5126 ae
846 5087 948 5127 om.
988 5070 1059 5124 M
1173 5071 1237 5124 17
1278 5069 1478 5140 parem]
1518 5073 1726 5138 patrem
1761 5069 1834 5124 Π
1948 5069 2019 5124 20
2056 5069 2157 5124 deo
2195 5085 2298 5125 on.
2335 5067 2408 5122 Π
2509 5069 2573 5123 21
2615 5067 2757 5123 uidit
2793 5067 2918 5137 ala]

648 5159 789 5215 uidit
819 5165 980 5224 (corr.
1017 5161 1114 5214 »⁸2
1147 5158 1320 5228 uidet)
1356 5158 1432 5212 M
1461 5157 1616 5212 uidet
1654 5155 1762 5213 ΟΔ
1871 5158 1947 5227 et]
1984 5174 2125 5212 erae.
2153 5157 2226 5212 Π
2255 5155 2327 5212 ad
2362 5158 2547 5222 (corr.)
2587 5157 2635 5209 G
2737 5172 2921 5212 meum

635 5253 767 5317 poet
798 5251 1004 5318 patrem
1043 5246 1173 5301 add.
1209 5245 1275 5300 N
1401 5246 1472 5301 22
1508 5243 1652 5301 uidit
1690 5244 1799 5300 GA
1922 5245 1993 5298 23
2027 5250 2184 5316 pater
2216 5243 2383 5300 babet
2422 5243 2522 5301 00
2646 5245 2719 5299 26
2754 5260 2919 5300 nomo

639 5339 824 5403 (corr.)
861 5336 930 5389 M
