3275 6434
320 1189 387 1253 204
717 1185 814 1240 Liber
836 1185 1070 1256 quaestionum

320 1379 442 1463 profeta
460 1383 588 1463 proptor
605 1378 912 1446 mortomNabuthe
935 1380 1017 1447 ibet
1039 1380 1190 1464 plorans
1213 1383 1251 1445 et
1272 1379 1459 1446 conscidit

319 1487 553 1552 uestimenta
576 1503 644 1552 sua
666 1492 703 1551 et
724 1486 940 1569 praecinxit
962 1505 1001 1552 sa
1024 1486 1156 1552 cilicio
1179 1485 1379 1552 etinctum
1402 1491 1459 1551 cst

321 1595 475 1660 uerbum
495 1593 634 1659 domini
653 1593 689 1658 iu
708 1611 815 1659 mauu
836 1594 939 1659 serui
958 1593 1041 1660 eius
1059 1592 1194 1659 Helico
1215 1592 1260 1658 da
1278 1592 1405 1658 Achab
1424 1597 1459 1657 et

320 1699 416 1764 dixit
438 1699 626 1765 dominus:
650 1698 796 1764 audisti
821 1718 893 1782 quo
916 1698 1023 1765 modo
1049 1704 1176 1765 motus
1198 1702 1259 1764 ast
1284 1699 1414 1764 Achab
1442 1718 1459 1762 a

319 1805 417 1870 facie
440 1808 539 1870 mea?
562 1824 631 1870 uon
655 1804 830 1871 inducam
853 1805 948 1870 mala
971 1805 1007 1870 in
1032 1805 1166 1870 diebus
1190 1805 1281 1871 eius.
1304 1811 1336 1870 et
1365 1803 1460 1870 Nino
1488 1822 1503 1867 o

318 1911 397 1977 uitia
427 1915 557 1995 peccata
587 1910 776 1977 dedentibus
808 1911 980 1977 inminente
1007 1915 1109 1978 morta
1136 1915 1280 1995 reparata
1307 1915 1357 1977 ost
1384 1911 1462 1976 uita.

319 2034 392 2083 ecoe
414 2023 552 2100 quantus
575 2017 737 2100 proiectus
760 2022 812 2082 eat
834 2018 1060 2100 paenitentiae!

364 2124 393 2187 6.
416 2123 478 2189 Sed
505 2122 586 2189 sorte
613 2122 737 2188 dicatur
758 2141 776 2188 e
798 2126 922 2188 contra:
946 2128 1145 2189 ‘concessum
1168 2122 1295 2206 quidam
1319 2126 1381 2188 eat.
1405 2122 1461 2188 sed

319 2247 380 2294 uon
404 2229 520 2294 crimen
544 2228 723 2304 idolatriam
747 2228 896 2311 quamuis
918 2229 1002 2294 euim
1027 2229 1105 2294 haec
1123 2229 1235 2314 grauia
1257 2229 1331 2305 sint,
1355 2229 1462 2293 maius

319 2338 495 2400 esttamen
520 2334 636 2399 crimen
659 2334 847 2400 idolatriae’.
869 2338 955 2401 recto
982 2339 1086 2400 tamen
1110 2334 1239 2419 explosa
1266 2339 1402 2400 estnon
1425 2353 1462 2399 ax
1479 2351 1504 2396 no

319 2440 445 2506 modica
465 2444 554 2524 parte
572 2440 745 2506 Nouatiaui
767 2440 916 2520 adsertio,
939 2459 1003 2524 qua
1025 2441 1088 2506 duo
1107 2442 1237 2506 crimina
1260 2440 1372 2526 grauia
1390 2457 1461 2506 cou-

319 2564 410 2612 caasa
435 2547 646 2630 paenitentiae
674 2546 831 2620 uidentur,
859 2547 933 2630 quia
966 2547 993 2613 si
1020 2546 1220 2612 fumicationi
1247 2545 1370 2630 ignosci
1400 2564 1460 2610 non

320 2652 422 2728 debet,
451 2655 535 2718 sicut
556 2651 734 2718 Nouatiano
764 2653 901 2732 uidetur,
928 2657 1047 2736 quanto
1073 2652 1177 2737 magia
1205 2650 1377 2718 homicidio
1405 2656 1462 2715 sut

318 2757 489 2824 adulterio!
518 2758 574 2824 sed
597 2758 670 2823 hinc
701 2759 825 2823 rrauitos
854 2759 924 2824 eiua
952 2762 1091 2841 apparet,
1119 2756 1244 2842 quando
1271 2757 1347 2823 haec
1380 2773 1461 2839 quae

319 2864 463 2948 grauiora
486 2868 562 2930 sunt
584 2882 734 2929 concessa
755 2863 938 2947 probantur.
962 2883 1056 2947 quam
1080 2864 1120 2929 oh
1138 2882 1205 2928 rem
1223 2880 1316 2942 nuuc,
1335 2882 1373 2928 an
1393 2861 1460 2927 ido·
1477 2879 1503 2926 u

317 2971 440 3037 lolatris
463 2969 592 3036 concedi
615 2987 709 3052 posse
731 2970 912 3053 promiserit
933 2968 1023 3045 deus,
1041 2967 1263 3052 nqnnenoom
1283 2971 1343 3034 eat
1367 2986 1461 3032 omno

318 3077 401 3141 onim
428 3075 513 3159 quod
539 3076 607 3140 iuro
635 3062 687 3140 tri'c
719 3094 906 3141 concessum
934 3093 995 3140 nou
1022 3074 1129 3152 fucrit,
1161 3091 1219 3138 noo
1249 3074 1280 3137 in
1313 3074 1459 3138 futurum

318 3181 436 3265 poterit
461 3180 601 3246 concedi.
630 3180 682 3246 hio
709 3181 804 3258 onim,
833 3181 916 3246 sicut
944 3179 1023 3246 dixit
1045 3180 1203 3255 dominus,
1231 3184 1288 3244 aut
1319 3179 1461 3263 ligantur

317 3292 375 3353 aut
405 3287 575 3353 uoluuntur
605 3291 750 3369 peccatu
783 3286 814 3351 in
849 3287 991 3352 futurum
1024 3290 1127 3351 autern
1159 3284 1239 3350 nihil
1275 3283 1363 3350 aliud
1400 3286 1459 3350 erit

318 3392 379 3458 nisi
410 3393 619 3459 remuneratio
648 3397 704 3459 aut
731 3392 961 3459 condemnatio.
991 3393 1093 3457 omnia
1121 3392 1204 3456 onim
1233 3392 1287 3474 qui
1315 3390 1368 3455 hic
1390 3390 1459 3454 iura
1475 3411 1502 3457 ao

317 3499 513 3582 reprobatur,
536 3518 597 3563 non
621 3500 738 3581 poterit
765 3499 841 3583 eligi
872 3502 928 3563 out
950 3498 1064 3582 dignus
1088 3498 1119 3562 in
1143 3497 1284 3562 futurum
1312 3495 1458 3561 iudicari.

363 3605 392 3669 7.
407 3603 583 3669 Audiamus
598 3622 671 3689 ergo
690 3622 770 3686 quac
785 3603 871 3669 dicat
885 3603 1031 3668 dominus
1050 3603 1088 3668 de
1103 3602 1279 3670 idololatria
1294 3601 1332 3679 ad
1349 3601 1459 3666 Hiere-

408 3877 827 3947 11111103.uo,(21).2n-‘.>u
907 3877 1187 3940 ner.10n,u‚5-1o
1261 3877 1294 3930 18
1308 3875 1342 3931 ci.
1357 3875 1457 3931 noctu.

319 3971 361 4027 lt.
383 3969 423 4022 19.
445 3966 539 4030 18,18

228 4176 317 4246 δᾳῖθ
355 4175 518 4229 luabuthei
537 4175 650 4229 ΗΜ
668 4176 694 4229 Β
716 4174 864 4229 nambuthe
884 4174 951 4228 ster
974 4173 1095 4244 nabuthe
1114 4174 1141 4227 A
1257 4175 1409 4227 ternotus
1429 4174 1461 4226 N

317 4267 334 4317 5
352 4264 475 4318 uiniuitis
493 4262 574 4317 PFA
591 4264 724 4317 ninouitix
741 4267 821 4328 (corr.
839 4279 891 4317 rac·
910 4262 1045 4333 niuiuitia)
1064 4262 1100 4315 Μ
1115 4261 1246 4316 uiniuctia
1266 4261 1297 4328 0,
1314 4261 1408 4330 (conr.)
1428 4261 1460 4314 N

316 4356 333 4407 8
357 4369 510 4407 concessum
534 4369 584 4407 oar.
608 4351 642 4406 Μ
664 4366 806 4405 concessus
829 4351 857 4405 P
961 4349 1069 4420 quidem
1092 4354 1173 4418 (corr.
1193 4365 1246 4404 roc.
1269 4349 1407 4419 equidem)
1422 4349 1459 4402 Μ

317 4443 369 4512 est}
387 4448 429 4495 ert
449 4446 485 4506 (ct
498 4449 563 4509 port
579 4456 601 4494 r.
621 4440 640 4493 1.
659 4425 723 4494 odd
741 4455 794 4493 rec
813 4439 940 4509 quoniam
958 4438 1008 4510 [tlt
1026 4439 1064 4493 Μ
1171 4441 1188 4492 9
1206 4437 1329 4507 qumuia
1347 4437 1455 4492 enim—

317 4532 416 4586 orimeu
435 4529 578 4584 idolatriae
596 4545 648 4583 on.
669 4529 693 4582 C
781 4528 814 4582 10
833 4528 987 4597 exemplosa
1003 4531 1084 4597 (corr.
1104 4529 1140 4595 Δ)
1158 4527 1187 4580 Χ
1258 4526 1288 4581 ll
1309 4527 1457 4580 nouatiauc

318 4621 411 4688 (corr.)
428 4619 461 4673 N
529 4619 624 4688 grauia
641 4635 692 4672 oar.
710 4617 738 4671 P
809 4618 842 4671 15
861 4633 894 4671 au
914 4633 965 4671 oar.
984 4618 1020 4673 u
1110 4616 1244 4672 idolatriia
1263 4615 1317 4670 CN
1331 4614 1456 4668 idolatris

316 4707 459 4780 (ydor-13)
478 4707 507 4760 X
609 4707 641 4760 16
661 4704 777 4760 concede
796 4705 833 4760 Μ
850 4709 930 4770 (corr.
949 4710 1013 4771 rec.)
1033 4706 1166 4772 ΟΜ.)
1272 4700 1339 4757 deus
1357 4720 1408 4757 om.
1429 4700 1458 4754 X

318 4797 391 4851 omni
411 4795 483 4857 C,N
497 4795 589 4865 (corr.)
607 4794 662 4847 FB
717 4795 748 4848 li
769 4792 853 4863 quod}
871 4810 922 4848 our.
944 4794 1056 4864 equod
1074 4795 1147 4848 iesu·
1164 4791 1220 4846 FB
1238 4790 1312 4860 quod
1331 4791 1410 4843 huius
1431 4791 1453 4842 A

321 4887 352 4940 18
370 4886 424 4955 hic}
442 4885 505 4939 hinc
522 4885 552 4938 X
568 4888 648 4952 (corr.
668 4882 733 4947 ΕΔ)
806 4882 889 4958 cuim}
909 4884 979 4937 eninr
999 4883 1043 4936 hic
1060 4883 1116 4950 (hio
1133 4888 1216 4948 arca.)
1237 4881 1261 4934 G
1330 4880 1362 4933 21
1384 4878 1455 4948 elegi

317 4973 372 5029 CX
440 4972 626 5042 rutloautN
641 4970 713 5041 quod
732 4971 761 5024 X
830 4971 950 5026 iudicare
969 4971 998 5024 X
1053 4972 1087 5025 22
1106 4971 1170 5040 quid
1190 4969 1219 5023 X
1287 4965 1456 5023 idolatrisP

316 5061 452 5116 idolatriie
472 5060 557 5115 (YNX.
