3275 6434
317 982 382 1046 468
583 978 753 1050 Appendir
773 984 1005 1050 quaestionum
1023 983 1100 1036 noui
1118 990 1193 1037 test.

318 1171 459 1236 solemus
487 1170 525 1236 de
553 1171 659 1254 aliquo
691 1171 809 1237 dicere:
837 1172 1047 1239 ‘adiudicatus
1074 1178 1144 1248 est,
1175 1173 1233 1238 aad
1264 1191 1333 1257 quo
1365 1171 1457 1238 modo

318 1277 450 1357 dicatur,
466 1295 563 1343 causa
576 1282 632 1342 aut
650 1278 847 1361 subsequens
866 1283 923 1344 aut
940 1279 1098 1362 praedicta
1117 1279 1269 1353 declarata
1287 1278 1457 1361 aliquando

318 1382 400 1447 anim
425 1381 464 1446 ad
488 1381 603 1447 bonurn
626 1382 751 1459 dicitur,
776 1383 944 1467 aliquando
968 1384 1006 1449 ad
1029 1385 1160 1465 malum,
1183 1386 1269 1451 sicut
1292 1390 1328 1450 at
1346 1402 1457 1450 concu-

319 1489 472 1571 piscentia
494 1489 663 1571 aliquando
686 1488 726 1554 ad
753 1489 880 1566 bonum,
908 1491 1076 1574 aliquando
1104 1490 1144 1557 ad
1171 1491 1292 1556 malum
1321 1496 1458 1574 aptatur.

364 1679 580 1748 Lxx1111=
603 1681 757 1748 XCi'IIII
1483 1702 1494 1745 s

141 1878 184 1945 <11
193 1894 256 1937 nou.
264 1878 311 1946 46)
320 1873 443 1939 LXXV.
463 1870 704 1939 APOSTOLUS
723 1871 868 1939 LEGEM
888 1873 1034 1938 DATAM
1052 1872 1235 1940 AMOYSE
1257 1872 1457 1940 sunem

321 1980 371 2046 ET
406 1977 565 2046 IUSTAM
599 1978 649 2044 ΕΤ
685 1977 833 2045 ΒΟΝΔΜ
866 1979 917 2044 ΕΤ
954 1977 1206 2045 semirutum
1242 1978 1459 2044 APPuLLar

320 2086 373 2151 111
390 2083 505 2151 uului
525 2084 653 2151 melu:
672 2084 764 2150 ‘Lux
783 2085 889 2150 un'lu
908 2084 1015 2150 lusu
1035 2084 1268 2152 OPERATUB'
1289 2084 1358 2150 Er:
1378 2085 1456 2151 ‘UBI

320 2190 409 2258 NON
437 2190 513 2256 EST
535 2190 625 2273 Lux,
647 2189 729 2256 NEC
753 2189 1111 2257 PRAEUARiCATiO'.
1135 2188 1231 2256 SINE
1254 2189 1328 2258 HIS
1352 2188 1456 2256 ENIM

510 2330 516 2347 a
656 2295 757 2363 ESSE
781 2295 1010 2364 secularis
1034 2296 1119 2363 EST.
1475 2318 1495 2358 n

368 2439 397 2502 1.
421 2436 496 2521 Ipsa
518 2435 603 2502 dicta
625 2436 788 2501 conferens
819 2436 897 2502 satis
925 2436 984 2502 tibi
1008 2436 1161 2502 debueras
1183 2435 1297 2501 iacere
1321 2455 1394 2500 nam
1417 2436 1459 2501 sic

324 2544 429 2609 solent
450 2542 539 2608 dubii
561 2541 663 2608 faeere
691 2541 892 2625 quaestiones
931 2546 968 2608 ut
996 2541 1089 2607 unius
1117 2542 1262 2606 dictast
1292 2561 1388 2624 quarn
1417 2540 1459 2606 ias

325 2668 385 2715 non
414 2653 464 2715 est
494 2647 717 2731 reprehendere
749 2649 957 2732 repugnantia
984 2656 1016 2712 et
1043 2648 1170 2713 inimica
1197 2652 1402 2730 quaerantur.
1436 2648 1460 2711 si

325 2755 407 2820 euim
432 2754 596 2838 apostolus
619 2755 721 2839 legem
746 2764 888 2819 sanctam
911 2757 945 2819 et
967 2754 1083 2819 iustam
1112 2759 1144 2819 at
1170 2753 1284 2819 bonam
1314 2757 1348 2819 et
1374 2754 1460 2836 spiri·

327 2861 422 2925 talem
448 2863 552 2941 uocat,
576 2860 625 2924 uir
651 2858 736 2925 omni
765 2859 859 2925 lauda
887 2860 1076 2944 praecipuus
1103 2865 1136 2925 et
1162 2859 1304 2943 undique
1330 2861 1492 2926 ueritates

328 2967 481 3042 munitus,
514 2963 674 3030 sufficerat
705 2965 764 3030 hoc
796 2965 836 3029 arl
864 2965 972 3047 fidem;
1002 2969 1034 3032 st
1061 2965 1100 3031 de
1127 2966 1187 3030 hoo
1220 2964 1306 3049 quod
1339 2963 1460 3031 uidetur

327 3073 517 3139 contrarium
542 3072 609 3136 sine
632 3072 843 3136 obstinatione
866 3072 1077 3154 quaerendum
1101 3077 1177 3136 erat.

374 3180 403 3241 2.
432 3176 608 3259 Propositio
642 3177 723 3241 enim
755 3176 833 3241 haec
865 3177 1074 3257 inpunitatem
1107 3175 1255 3260 peccandi
1286 3176 1367 3241 uult.
1395 3196 1459 3240 nan

330 3284 493 3366 apostolus
514 3283 631 3365 utique,
651 3300 724 3347 cum
744 3283 847 3366 legem
868 3282 940 3347 fidei
956 3301 1010 3364 pro
1025 3283 1137 3347 morito
1152 3282 1306 3364 temporis
1321 3286 1354 3346 at
1367 3283 1461 3366 gratia

330 3389 499 3475 praeferret
520 3389 602 3471 apud
625 3389 793 3467 Romanos,
818 3389 872 3470 qui
895 3389 954 3452 sub
979 3388 1039 3452 fide
1063 3388 1179 3454 Christi
1208 3389 1239 3453 in
1268 3388 1374 3472 legem
1402 3388 1459 3451 iue·
1474 3408 1494 3449 a

330 3503 399 3561 rant
425 3494 546 3560 inducti
566 3531 608 3542 —
628 3496 670 3559 ‘iu
693 3496 806 3579 legem'
835 3496 915 3560 dico.
945 3514 1005 3559 uon
1034 3514 1102 3558 earu
1131 3513 1211 3576 quaa
1241 3495 1395 3559 naturalis
1419 3505 1461 3557 est

331 3621 417 3675 ruam
443 3602 552 3684 utique
575 3602 606 3665 in
630 3602 700 3685 legs
728 3605 816 3665 erant
839 3601 980 3676 Romani¹
1010 3619 1103 3682 quarn
1134 3601 1241 3682 utique
1271 3599 1310 3664 de
1334 3599 1461 3664 Athenis

332 3707 524 3773 decemuiri
548 3707 637 3773 missi
663 3713 789 3790 etpost
812 3707 866 3771 alii
890 3706 952 3771 duo
976 3706 1165 3780 adtulerunt,
1190 3724 1269 3788 quaa
1294 3707 1325 3769 in
1345 3705 1462 3769 duabus

332 3813 449 3879 tabuiis
491 3814 609 3898 scripta
644 3819 720 3888 erut,
758 3832 837 3896 quas
874 3814 904 3877 in
934 3812 1090 3896 Capitolio
1119 3813 1249 3877 obrutae
1279 3822 1380 3896 sunt),
1413 3810 1463 3876 sei

333 3919 473 3999 eandem,
492 3939 573 4003 quae
593 3920 745 3985 sactorum
766 3920 953 4003 appellatur,
972 3923 1010 3984 ut
1028 3917 1340 3995 circumciderentur,
1362 3917 1464 3982 sabba·
1479 3938 1500 3982 er

422 4111 447 4162 6.
470 4111 501 4162 14
520 4107 553 4163 ci.
574 4109 649 4162 Rom.
669 4109 693 4170 7,
715 4107 754 4164 12.
778 4110 808 4161 li
890 4107 1047 4175 81101114,
1069 4109 1100 4159 15
1181 4106 1215 4160 22
1235 4106 1269 4160 ci.
1289 4106 1348 4162 Liu.
1368 4106 1465 4160 11132.

333 4201 360 4254 o.
379 4199 421 4262 37,
440 4202 457 4252 4

371 4326 387 4377 2
407 4323 546 4393 praedicta
562 4321 660 4388 scripsi
678 4318 860 4389 praedicaturo
880 4318 910 4372 Ι)
928 4317 1082 4386 praedicata
1101 4317 1133 4370 K
1149 4316 1317 4387 praedicatio
1337 4336 1355 4370 a
1410 4322 1467 4370 tet

335 4419 401 4466 carte
419 4421 539 4465 sanctam
558 4409 623 4462 odd.
643 4409 693 4461 Ir'o
789 4408 878 4461 striis
896 4406 928 4459 K
1032 4407 1102 4459 eninr
1126 4406 1167 4459 iris
1187 4423 1204 4458 a
1308 4405 1339 4459 12
1359 4422 1426 4475 quae
1444 4404 1468 4457 I}

338 4501 370 4555 13
390 4504 518 4569 qurgrotor
535 4498 565 4551 1)
657 4496 687 4550 16
711 4501 739 4549 et
762 4494 795 4548 de
818 4495 869 4548 iroc
891 4510 942 4547 om.
962 4494 993 4547 Κ
1098 4493 1218 4561 uidetur!
1244 4493 1310 4547 cdd.
1330 4502 1421 4547 auteur
1438 4493 1466 4545 «le

337 4588 420 4641 uerbo
440 4585 471 4639 Κ
488 4585 552 4639 add.
571 4587 599 4638 in
619 4585 709 4638 uerbis
728 4601 747 4637 a
811 4584 842 4637 17
863 4582 1056 4650 obstinatione]
1076 4581 1140 4635 adri.
1160 4582 1204 4650 pie
1223 4580 1255 4633 K
1272 4581 1339 4634 naid.
1359 4591 1385 4634 et
1405 4582 1466 4633 inni·

338 4675 468 4730 dentiae
563 4674 595 4727 19
617 4674 746 4742 temporis
769 4672 865 4724 merito
889 4669 937 4723 Ka
1031 4669 1065 4723 22
1087 4669 1147 4737 iege
1169 4669 1268 4736 scripsi
1291 4669 1378 4738 legem
1398 4669 1467 4722 irtio

339 4764 374 4818 28
392 4760 540 4815 attuierunt
560 4760 608 4812 Ka
683 4762 717 4814 24
737 4760 805 4828 erat]
826 4765 866 4812 est
885 4758 932 4810 Ir'rr
1004 4758 1039 4809 25
1057 4756 1168 4809 canusiam
1187 4759 1287 4823 scripsi
1305 4757 1397 4811 caieru
1416 4755 1467 4810 mi

338 4867 397 4905 eam
416 4866 435 4902 ss
