3275 6434
215 687 1194 1020 -
1306 982 1381 1005 --nffl-

724 1449 798 1525 esp.
816 1451 846 1507 11
864 1451 943 1509 2-t.
1361 1460 1402 1524 19

304 1646 335 1710 4.
362 1645 408 1710 Ba
431 1663 468 1710 ec
492 1643 639 1710 diabulus
662 1643 810 1710 inimicus
834 1645 957 1710 exstitit
978 1645 1130 1722 hominis3
1158 1647 1295 1729 peruidit
1317 1647 1399 1713 enim

264 1748 335 1832 quia
358 1749 397 1815 ad
421 1750 654 1816 accusationem
678 1749 748 1815 eius
774 1749 880 1816 factus
902 1752 953 1815 est
978 1749 1085 1816 homo.
1111 1752 1194 1817 unde
1221 1753 1400 1818 subtilitate

263 1871 320 1919 sua
350 1853 385 1921 id
416 1855 493 1940 egit,
525 1857 564 1920 ut
588 1855 622 1921 iu
650 1854 760 1920 endem
795 1854 889 1919 illum
925 1856 1204 1938 praeuaricatione,
1240 1857 1286 1921 in.
1305 1875 1399 1940 quam

264 1960 329 2042 ipse
355 1959 430 2038 ruit,
457 1959 631 2037 induceret,
663 1963 701 2025 ut
731 1963 948 2026 accusatorem
979 1980 1074 2026 snum
1105 1962 1289 2044 participem
1322 1980 1400 2028 suse

238 2066 473 2133 sdrrnnaticnis
508 2065 658 2132 efficeret
700 2084 736 2132 ex
771 2067 1022 2151 transgressione
1054 2067 1137 2132 euim
1170 2066 1320 2133 deitstem
1351 2067 1399 2132 illi

263 2171 443 2256 spopondit,
465 2171 507 2238 ad
528 2190 624 2255 quam
644 2171 715 2254 ipse
738 2170 812 2236 dum
837 2171 1014 2237 adfectatur
1036 2172 1177 2237 deiectus
1196 2176 1254 2238 est.
1275 2173 1400 2256 etquis

261 2276 362 2342 emnis
380 2281 495 2342 natura
511 2294 531 2342 a
549 2276 679 2342 crimine
696 2276 797 2341 libera
815 2279 875 2353 est,
894 2294 931 2341 er
949 2276 1104 2343 accidenti
1123 2281 1198 2342 suut
1210 2277 1337 2345 nemius
1352 2313 1398 2325 -

262 2383 331 2446 ante
353 2381 439 2448 enim
463 2399 524 2460 res,
547 2385 659 2463 postea
681 2380 872 2464 significatio
899 2417 944 2428 -
971 2399 1008 2447 ac
1030 2400 1086 2465 per
1108 2383 1167 2447 hec
1194 2385 1342 2448 ‘manse’
1367 2387 1400 2448 et

261 2485 428 2552 ‘diabolus'
454 2505 491 2553 er
522 2491 595 2552 actu
627 2487 695 2551 eius
727 2486 893 2569 cenpcsits
924 2490 999 2552 sunt
1030 2487 1167 2562 uomina,
1200 2489 1237 2550 ut
1266 2486 1398 2552 sitnon

232 2596 390 2657 renaturus
413 2593 494 2670 eius,
517 2591 574 2656 sed
597 2591 772 2659 uoluntatis
795 2591 997 2676 significatio.

302 2701 333 2762 5.
356 2696 474 2780 Itsque
496 2699 535 2762 nt
556 2695 751 2778 propesitum
775 2695 836 2774 dei,
860 2700 946 2778 qued
967 2696 998 2761 ia
1023 2715 1120 2762 causa
1141 2697 1237 2762 creati
1260 2697 1398 2763 heminis

260 2801 411 2875 decreuit
440 2806 581 2866 muneret
606 2805 639 2866 et
664 2801 785 2867 factum
813 2800 939 2881 diaboli,
961 2820 1017 2884 per
1043 2802 1127 2884 qued
1153 2802 1312 2868 hominem
1341 2802 1399 2868 cir·

259 2909 432 2986 sumussic,
469 2907 509 2972 ad
544 2906 707 2972 cumulum
743 2911 852 2972 reatus
879 2907 948 2972 eins
976 2908 1152 2991 proficeret,
1180 2907 1326 2974 Christus
1359 2907 1399 2972 de

259 3012 355 3078 sacris
380 3012 512 3079 sedibus
534 3012 574 3078 ad
597 3016 695 3078 terras
718 3013 826 3078 uenire
848 3012 997 3097 diguatus
1026 3020 1085 3092 est,
1115 3018 1152 3079 ut
1179 3018 1211 3079 et
1237 3013 1399 3081 hominem

227 3133 277 3180 ua
302 3118 567 3202 transgressionis
598 3117 755 3183 sententia
781 3118 930 3183 liberaret
958 3124 990 3183 st
1017 3119 1135 3185 diaboli
1162 3118 1301 3185 futuram
1331 3137 1401 3202 per·

259 3222 421 3299 ditionem,
441 3242 480 3288 ne
498 3223 570 3305 quis
588 3222 708 3290 tsctnm
727 3223 796 3288 eius
814 3223 1003 3303 imitaretur,
1023 3223 1211 3289 estenderet
1233 3227 1400 3306 prepterea

258 3327 333 3394 dixit
360 3328 517 3394 lohannes
545 3328 725 3410 spostolus:
748 3328 839 3393 ideo
868 3330 982 3394 uenit
1009 3328 1130 3395 filius
1158 3327 1232 3408 dei,
1256 3333 1300 3394 ut
1323 3328 1398 3395 scl-

258 3438 372 3499 neret
388 3452 511 3519 opera
533 3433 701 3501 diaboli.
721 3434 776 3517 qui
795 3435 823 3499 si
842 3437 953 3500 ustura
970 3434 1074 3500 maius
1093 3439 1187 3502 esset.
1202 3453 1335 3518 poenam
1349 3435 1399 3502 illi

258 3539 441 3622 promittere
455 3543 512 3604 sut
525 3532 680 3605 dementis
700 3544 767 3605 erat
785 3543 841 3605 aut
858 3540 968 3622 iniqui.
989 3540 1061 3623 quis
1081 3540 1163 3605 euim
1182 3543 1297 3624 angust
1315 3560 1399 3621 eum,

222 3656 245 3701 ω
258 3663 349 3727 quem
368 3643 462 3710 uidet
472 3662 534 3710 nen
549 3645 640 3710 sliter
653 3644 774 3728 aliquid
787 3645 901 3722 tacere,
915 3664 1009 3728 quam
1022 3649 1134 3712 natura
1147 3647 1215 3711 eius
1235 3646 1399 3711 admittit?

258 3749 373 3835 aiigni
396 3753 504 3834 petest
525 3751 714 3828 succenseri,
738 3751 813 3833 quis
836 3752 911 3829 urit,
934 3756 990 3816 aut
1013 3770 1113 3834 squas
1131 3752 1207 3834 quia
1225 3750 1397 3836 infrigidat,

259 3872 328 3920 cum
360 3873 423 3919 nen
454 3855 567 3937 utique
595 3855 760 3921 uoluntate
788 3856 849 3922 hec
876 3856 981 3934 iscist,
1010 3855 1065 3922 sed
1092 3859 1226 3923 ustura?
1254 3856 1336 3922 unde
1365 3859 1398 3921 et

260 3958 414 4038 disbclus,
437 3960 466 4025 si
489 3963 601 4026 ustura
623 3961 726 4026 malus
749 3965 846 4039 esset,
868 3964 1067 4028 uoluntatem
1088 3982 1150 4028 nen
1174 3962 1316 4027 haberet.
1339 3979 1397 4026 nec

260 4064 337 4129 enim
360 4068 474 4149 pesset
495 4065 683 4146 discernere,
708 4066 764 4132 sed
787 4087 850 4132 une
873 4068 975 4150 adque
994 4068 1102 4135 ecdem
1126 4067 1221 4133 medo
1246 4067 1396 4133 omnibus

227 4182 291 4234 aas
313 4170 406 4251 quasi
428 4189 542 4237 caecus
565 4170 765 4258 inmergeret.

299 4274 329 4339 6.
353 4274 451 4341 Perre
474 4280 581 4341 autem
603 4276 721 4343 iudicio
741 4277 877 4359 quedem
897 4279 956 4344 hoc
983 4276 1062 4365 sgit3
1091 4295 1163 4341 nem
1192 4278 1392 4342 uoluntatem

263 4398 345 4444 suam
377 4381 567 4446 facientium
599 4382 709 4464 parcit,
737 4401 754 4446 ι
783 4382 973 4465 quibusdam
1002 4383 1171 4448 neutericis
1200 4381 1394 4458 dissimulet,

341 4570 376 4623 17
395 4568 408 4623 1
427 4568 486 4624 tou.
504 4571 530 4634 8,
548 4570 565 4625 8

294 4693 425 4748 desistet
442 4696 495 4746 cest
512 4691 606 4746 existit
622 4692 655 4746 X
741 4692 880 4764 praeuidit
900 4691 979 4749 UNA
1041 4691 1189 4748 3eandem
1206 4691 1236 4746 P
1318 4707 1394 4762 prae-

265 4780 449 4844 uaricationem
466 4778 496 4833 P
559 4778 631 4834 tad
649 4796 729 4851 qaam
749 4785 831 4849 (cerr.
850 4797 866 4836 a
884 4785 948 4852 qua)
965 4780 1027 4837 NF
1077 4780 1229 4836 ilibarsts
1246 4780 1278 4834 Χ
1348 4795 1393 4834 sc·

265 4866 360 4922 redemi
377 4865 440 4921 NX
532 4869 651 4938 nomina}
670 4868 761 4923 emnia
777 4869 809 4924 N
882 4870 914 4924 13
931 4872 1061 4941 preficere
1078 4867 1140 4924 NF
1210 4868 1244 4923 1⁴
1264 4870 1292 4922 ct
1310 4871 1342 4920 nt
1359 4865 1395 4918 u

267 4953 294 5008 u
307 4953 425 5009 diatclh
442 4958 536 5022 (cem.)
553 4954 592 5010 1
653 4957 685 5010 17
704 4956 835 5011 ichsnnes
853 4959 881 5024 (ο
899 4957 931 5011 ιἰι
947 4959 1015 5024 rus.)
1031 4955 1070 5011 1
1141 4955 1234 5011 reluat
1252 4959 1344 5024 (cerr.)
1362 4953 1398 5008 N

268 5040 430 5098 ltinnstara
449 5043 476 5099 0
528 5042 900 5113 reprimeremus
952 5044 988 5098 20
1006 5043 1181 5099 ιιιιιιηιιιΠ
1231 5045 1265 5097 21
1284 5059 1392 5098 suscen-

269 5129 374 5185 aarssO
462 5132 510 5203 qni
534 5131 607 5186 aurit
624 5129 652 5184 P
673 5132 738 5201 quis
760 5133 831 5186 sarit
853 5134 882 5201 (s
899 5133 949 5188 au.
967 5137 1049 5197 erce.)
1069 5132 1107 5186 Μ
1120 5132 1149 5203 qi
1167 5133 1240 5188 aurit
1258 5130 1395 5196 (comio

270 5219 370 5286 quinarit
387 5219 421 5274 N
506 5221 542 5275 24
561 5218 693 5289 pensito
780 5220 814 5275 27
838 5236 873 5274 rae
895 5226 927 5275 ut
946 5221 1025 5276 erici·
1044 5219 1068 5275 0
1088 5222 1232 5277 neotericis
1250 5223 1277 5284 (ο
1295 5224 1343 5274 ιιι3
1360 5221 1391 5274 ies

270 5306 362 5372 rusiB

1321 5409 1353 5464 2.
