3275 6434
1336 1440 1425 1498 Ca
1432 1459 1484 1513 p.
1518 1439 1973 1498 xva-xum.
2687 1450 2815 1515 435

430 1640 452 1704 )
544 1632 773 1702 xvm.
822 1634 900 1702 SI
944 1634 1127 1701 ‘LEX
1172 1635 1279 1701 ΕΤ
1320 1625 1814 1703 PROPHuTAE
1852 1632 2127 1716 USQUFJ
2162 1637 2279 1702 AD
2315 1636 2816 1718 mmmmm·

542 1740 655 1807 Ex
712 1738 884 1822 QUO
938 1738 1301 1808 REGNUM
1355 1738 1810 1807 cAELORUM
1866 1740 2469 1810 PRAEDICATUM
2522 1742 2676 1811 EST
2728 1780 2819 1794 —

542 1844 730 1913 IPSE
745 1844 897 1912 EST
916 1844 1130 1911 ENIM
1156 1844 1648 1913 INCHOA'I'OB
1672 1845 1960 1912 NOUAE'
1987 1844 2691 1917 PRAEDICATIONIS
2707 1887 2817 1929 -,

971 1949 1138 2018 CUB
1179 1949 1681 2017 BAPTISMUM
1726 1949 1917 2017 mus
1965 1949 2409 2018 CESSAUIT?

477 2113 509 2156 ο
636 2092 1038 2177 Baptismum
1103 2090 1399 2157 lobannis
1464 2095 1760 2176 coeptum
1824 2110 1947 2157 non
2013 2095 2307 2170 cessauit,
2364 2093 2478 2159 sed
2532 2094 2816 2162 additum

542 2203 646 2262 est
700 2197 759 2262 ei
817 2196 987 2280 quod
1051 2196 1284 2262 deerat.
1347 2196 1655 2263 Iohannes
1719 2196 1887 2263 enim
1947 2200 2198 2263 tantum
2262 2198 2635 2284 baptizauit,
2697 2221 2819 2268 non

543 2302 839 2386 spiritum
905 2306 1195 2368 sanetum
1259 2302 1660 2369 credentibus
1724 2302 1918 2384 dedit,
1984 2303 2154 2369 siout
2207 2306 2274 2369 et
2322 2304 2463 2390 ipse
2526 2305 2684 2373 dicit
2743 2308 2820 2375 de

543 2409 892 2474 saluatore:
932 2427 1066 2493 ego
1115 2408 1411 2492 quidem
1457 2409 1763 2494 baptizo
1810 2428 1945 2475 uos
1990 2410 2065 2475 in
2104 2429 2293 2495 aqua
2327 2411 2399 2476 in
2436 2412 2821 2494 paeniten-

542 2513 747 2590 tiam,
795 2513 960 2596 ipse
1007 2516 1254 2579 autem
1300 2533 1435 2578 uos
1482 2513 1915 2596 baptizabit
1942 2515 2013 2580 in
2054 2515 2333 2601 spiritu
2372 2519 2654 2582 saneto.
2693 2516 2817 2582 boe

445 2638 509 2683 ro
544 2622 647 2684 est
692 2617 861 2701 qnod
907 2617 1090 2684 dicit:
1129 2621 1396 2704 ‘perme
1432 2619 1725 2685 remissio
1762 2623 2188 2703 peecatorum,
2226 2641 2346 2687 non
2383 2624 2594 2688 tamen
2636 2622 2822 2688 datur

544 2723 812 2806 spiritus
859 2728 1136 2804 sanetus,
1183 2727 1260 2790 ut
1292 2723 1611 2807 purificati
1648 2724 1763 2791 filii
1803 2726 2113 2804 dieantnr3
2156 2727 2276 2793 boo
2313 2728 2478 2793 enim
2516 2729 2821 2794 saluatori

541 2834 935 2895 reseruatum
994 2833 1110 2911 est,
1162 2835 1387 2915 utpote
1447 2830 1720 2909 domino,
1776 2835 1852 2898 ut
1900 2831 2014 2898 filii
2073 2832 2170 2898 dei
2226 2851 2346 2899 non
2402 2833 2642 2912 flerent,
2698 2835 2818 2900 nisi

543 2937 803 3017 aooepto
834 2953 871 2999 a
904 2933 1036 3000 filio
1075 2935 1175 3001 dei
1211 2935 1440 3018 spiritu
1480 2940 1741 3004 saneto·.
1779 2938 2041 3004 effeetus
2081 2957 2229 3023 ergo
2265 2938 2568 3022 baptismi
2603 2938 2819 3005 Iohan-

543 3041 665 3118 nis,
705 3040 875 3123 quod
911 3042 1101 3107 tacite
1140 3042 1516 3127 operabatur
1552 3042 1689 3109 sine
1724 3044 2237 3129 interrogatione,
2275 3063 2398 3110 non
2437 3048 2645 3110 tamen
2686 3046 2820 3111 sine

445 3168 510 3213 ιε
546 3147 885 3212 saluatoris
929 3147 1269 3225 mentione,
1327 3151 1403 3214 ut
1454 3148 1707 3214 firmum
1763 3152 1935 3214 esset
1990 3149 2159 3233 quod
2212 3150 2461 3234 agebat,
2515 3150 2819 3216 trinitatis

545 3256 648 3316 est
700 3250 955 3330 donum,
1019 3252 1187 3335 quod
1244 3253 1522 3339 dignatio
1588 3255 1925 3320 saluatoris
1996 3254 2276 3320 ostendit
2335 3253 2490 3320 dans
2555 3255 2818 3321 formam

544 3356 738 3422 trium
785 3357 1130 3438 nominum,
1175 3377 1336 3442 quae
1382 3379 1419 3425 a
1463 3358 1806 3442 primordio
1855 3359 1974 3425 sub
2020 3360 2211 3428 u'nius
2258 3359 2359 3426 dei
2405 3361 2660 3427 nomine
2714 3361 2820 3426 uel

543 3480 816 3546 persona
862 3481 1058 3528 unum
1106 3482 1266 3546 opus
1321 3468 1387 3529 et
1440 3463 1798 3531 indifferens
1851 3469 2109 3549 operata
2162 3470 2331 3532 sunt.
2383 3464 2817 3548 interpretatio

546 3585 698 3652 ergo
727 3568 999 3635 accessit
1023 3568 1105 3634 ad
1131 3569 1517 3653 baptismum
1554 3570 1853 3637 Iohannis
1890 3590 2033 3637 cum
2074 3570 2530 3656 significatione
2565 3571 2819 3637 latentis

443 3695 508 3738 su
545 3673 789 3738 dudum
816 3673 1131 3759 mysterii:
1161 3675 1434 3766 secessit
1461 3680 1526 3741 et
1551 3676 1824 3758 amplius
1856 3675 2107 3758 donum,
2134 3684 2209 3768 qt
2232 3676 2533 3760 baptizati
2562 3680 2819 3760 accepto

545 3778 777 3860 spiritu
800 3782 1015 3844 sancto
1036 3779 1167 3844 sint
1191 3778 1304 3844 filii
1337 3779 1456 3845 dei.
1476 3779 1927 3865 amplificatum
1957 3800 2104 3866 ergo
2133 3785 2252 3860 est,
2272 3801 2393 3847 non
2422 3786 2818 3849 euacuatu‘m.

429 3985 451 4046 >
544 3969 809 4040 XVIIII.
847 3966 1130 4049 QUARE
1166 3970 1349 4036 ‘LEX
1384 3972 1488 4039 ΕΤ
1525 3971 2023 4040 ΡΒΟΡΗΕΤΑΕ
2060 3970 2339 4053 USQUE
2376 3971 2490 4038 AD
2525 3970 2820 4039 IOHAN-

544 4075 752 4142 NEM·
795 4075 1062 4143 lmen:
1108 4075 1512 4144 CE'SSASSE
1550 4077 2028 4146 mcuNTUB?
2064 4075 2268 4158 QUIA
2304 4077 2461 4153 IAM
2502 4079 2611 4145 DE}
2648 4076 2820 4160 Quo

545 4178 1219 4247 PROPHETABANT
1289 4182 1686 4249 ADUENJT.
1757 4179 2038 4262 QUARE
2110 4184 2294 4249 ‘LEX
2364 4181 2646 4264 USQUE
2706 4184 2821 4249 AD

449 4312 509 4357 a
547 4284 1046 4363 mmmmm·
1092 4285 1273 4353 CUM
1318 4287 1804 4359 APOSTOLUS
1860 4288 2112 4356 chT
2164 4288 2362 4355 LEGI
2414 4287 2578 4356 NOS
2633 4287 2823 4355 SUB·

542 4390 842 4459 1130'1'08
870 4391 1072 4459 ESSE
1098 4392 1473 4459 DEBERE?
1501 4393 1751 4475 ‘QUAE
1779 4394 2110 4474 AUTE'M’,
2142 4393 2453 4477 QO'r,
2480 4393 2740 4472 ‘SUN'L
2766 4394 2824 4459 A

1178 4493 1351 4564 1)Εο
1398 4498 1886 4566 ΟΒΟΙΝΑΤΑΕ
1932 4499 2190 4568 SUNT:

639 4638 828 4723 Legis
868 4638 1124 4734 quidem
1161 4659 1361 4706 unum
1399 4658 1625 4707 nomen
1664 4644 1783 4723 est,
1813 4639 1926 4707 sed
1952 4641 2334 4726 tripertitam
2364 4638 2557 4705 babet
2582 4638 2823 4704 intelle·

547 4745 850 4829 gentiam.
907 4745 1110 4828 prima
1162 4745 1332 4814 enim
1389 4763 1532 4830 pars
1588 4746 1757 4832 legis
1813 4746 1890 4813 de
1946 4746 2061 4812 deo
2118 4747 2244 4823 est3
2301 4745 2358 4811 si
2414 4744 2580 4811 enim
2633 4744 2735 4810 lex
2788 4762 2825 4808 a

729 4934 777 4986 ι.
813 4933 884 4987 22
918 4931 1118 4989 flattu.
1159 4933 1241 5002 ιι,
1282 4934 1369 4992 13.
1403 4934 1538 4992 Luc.
1574 4933 1661 5004 ιο,
1700 4935 1767 4990 ιο
1865 4932 1901 4988 8
1927 4932 2126 4989 totth.
2162 4934 2214 5002 a,
2255 4933 2316 4987 11
2423 4933 2490 4989 ιο
2519 4933 2588 4991 er.
2623 4933 2823 4990 natta.

548 5020 642 5086 28,
677 5020 745 5075 ιο
851 5020 921 5074 2ο
957 5020 1109 5076 nom.
1153 5023 1237 5090 is,
1273 5022 1301 5076 1

626 5125 658 5179 7
696 5123 763 5178 de
798 5126 1070 5181 saluatore
1104 5125 1242 5182 dicit
1277 5142 1317 5180 a
1404 5126 1439 5182 8
1475 5124 1694 5197 quidem
1730 5143 1834 5182 on.
1875 5143 1915 5181 a
2053 5126 2390 5198 poenitentia
2423 5124 2549 5181 ΒΚ
2630 5125 2702 5180 22
2736 5124 2825 5179 lo-

550 5212 806 5282 hannem]
846 5213 977 5267 aad.
1014 5217 1073 5268 et
1105 5216 1232 5284 post
1267 5229 1306 5267 a
1447 5214 1518 5268 25
1553 5212 1805 5269 subditos
1841 5212 2036 5270 debere
2073 5230 2190 5269 esse
2227 5230 2267 5268 a
2371 5213 2443 5268 28
2477 5211 2734 5283 inquiunt
2768 5210 2830 5266 D

552 5301 624 5354 27
662 5297 914 5354 ordinata
948 5299 1048 5353 Ka
1153 5301 1223 5354 29
1259 5301 1340 5356 sie
1375 5315 1415 5353 a
