3275 6434
484 1471 613 1535 144
1270 1467 1468 1524 Liber
1503 1468 1966 1540 quaestionum

480 1661 877 1741 arbitmntes,
921 1660 1075 1745 quid
1121 1661 1310 1728 certis
1356 1661 1580 1728 diebus
1627 1660 1942 1746 agendum
1988 1661 2225 1746 quidue
2270 1662 2622 1731 cauendum
2656 1665 2764 1731 sit.

479 1764 895 1833 decreuerunt
920 1766 1184 1851 imperio
1212 1766 1402 1833 huius
1431 1768 1630 1834 uitam
1660 1770 1728 1833 et
1750 1769 2289 1855 conuersatiouem
2324 1788 2507 1836 sunm
2544 1769 2764 1837 ordine

479 1871 752 1956 quodam
799 1873 1205 1951 subicientes,
1261 1890 1444 1957 quos,
1497 1874 1648 1956 quin
1701 1877 1873 1939 extra
1924 1873 2027 1940 dei
2088 1874 2541 1943 ordinationem
2604 1877 2762 1944 haec

479 1977 622 2044 ausi
667 1981 819 2044 sunt
859 1997 1188 2063 usurpare,
1233 1975 1370 2044 filli
1406 1978 1765 2062 frequenter
1799 1977 2337 2063 deprehendimus.
2383 1981 2539 2048 haec
2592 1982 2759 2047 enim

478 2082 815 2149 luminaris
864 2083 929 2148 in
985 2072 1167 2168 signs
1228 2087 1584 2167 temporum
1649 2083 1807 2150 deus
1871 2085 2224 2164 constituit,
2294 2086 2459 2153 unde
2523 2090 2589 2153 et
2640 2105 2758 2152 nos
2817 2105 2849 2148 s

479 2207 808 2255 numerum
854 2190 1042 2255 lunae
1088 2188 1508 2266 custodimus,
1553 2208 1675 2255 non
1722 2189 1897 2255 illum
1940 2182 2147 2273 ‘ipsum
2192 2191 2558 2269 excolimus,
2601 2195 2682 2258 ut
2724 2211 2763 2257 a

480 2299 704 2378 quarte
748 2293 993 2360 decime
1035 2294 1208 2372 lunc,
1265 2313 1423 2378 quse
1484 2295 1667 2361 nobis
1720 2294 2065 2360 secundum
2120 2296 2328 2380 legem
2382 2297 2586 2380 prims
2638 2300 2759 2371 est,

477 2400 784 2467 rationem
813 2399 1556 2484 paschsewbseruemus.
1592 2401 1802 2466 omnis
1836 2401 2002 2466 enim
2038 2400 2223 2483 plens
2258 2400 2412 2467 deus
2449 2401 2764 2479 instituit3

475 2506 750 2590 ideoque
802 2524 841 2572 n
894 2505 1138 2572 decimu
1191 2509 1412 2589 quartu
1464 2525 1668 2590 usque
1721 2507 1785 2571 in
1840 2506 2261 2590 uigensimsm
2314 2507 2604 2589 primum,
2657 2506 2760 2573 his

476 2615 719 2697 septem
759 2611 982 2678 diebus
1017 2612 1255 2695 pasche
1296 2612 1478 2679 nobis
1525 2611 1836 2678 celebrare
1873 2629 2243 2678 concessum
2280 2615 2399 2690 cst,
2433 2616 2512 2679 ιιι
2542 2612 2621 2679 de
2658 2613 2761 2679 his
2795 2630 2849 2675 ιο

477 2723 722 2803 septem
764 2719 961 2802 aliqui
989 2718 1124 2785 dies
1161 2737 1200 2785 n
1233 2737 1574 2802 parasceue
1611 2736 1816 2802 usque
1852 2717 1931 2784 ud
1965 2719 2480 2786 resurrectionem
2522 2718 2764 2785 domini

479 2824 952 2905 concludantur,
1010 2828 1084 2890 ut
1144 2843 1350 2909 neque
1401 2826 1591 2891 tertia
1646 2824 1894 2891 decime
1947 2825 2011 2891 in
2067 2825 2360 2909 passione
2417 2825 2506 2890 sit
2557 2843 2763 2908 neque

479 2935 702 3017 quarta
764 2930 1009 2998 decimu
1071 2932 1136 2996 in
1200 2932 1656 2997 resurrectione
1730 2935 1842 2996 sut
1903 2931 2124 3014 quinte
2189 2930 2434 2998 decimu
2487 2950 2565 2998 ne
2617 2935 2764 2996 unte

479 3039 743 3122 primam
791 3036 1137 3102 secundum
1186 3056 1297 3102 nos
1342 3036 1557 3102 lunam
1612 3037 1824 3120 passio
1872 3035 2109 3102 Christi
2169 3036 2256 3101 sit
2302 3054 2505 3119 neque
2559 3055 2763 3102 resur·

478 3144 674 3209 rectio
722 3142 858 3208 eius
905 3162 1024 3208 non
1069 3142 1273 3225 primo
1323 3142 1445 3220 die,
1492 3161 1615 3225 quo
1665 3145 1928 3224 coeptus
1973 3141 2246 3207 mundus
2294 3146 2411 3208 est.
2806 3161 2853 3204 ιι.

568 3250 627 3313 2.
675 3247 900 3314 Omnia
947 3249 1112 3314 enim
1159 3246 1378 3314 mundi
1425 3251 1710 3332 tempora
1756 3247 1943 3313 unius
1990 3247 2373 3313 ebdomadae
2429 3248 2765 3314 curriculis

479 3357 904 3430 numeruntur,
945 3372 1068 3438 qus
1111 3354 1267 3420 deus
1312 3352 1531 3418 mundi
1569 3352 1853 3418 membru
1888 3355 1953 3418 et
1998 3357 2359 3419 ornamenta
2406 3353 2768 3436 conposuit,

478 3478 586 3526 sex
641 3459 808 3525 enim
854 3458 1078 3525 diebus
1125 3458 1432 3524 mundum
1497 3458 1745 3543 sptauit
1788 3461 1854 3523 et
1898 3457 2169 3540 septima
2214 3458 2512 3534 cessauit,
2571 3477 2762 3541 quam

480 3566 815 3631 sabbatum
861 3564 1226 3649 appellauit.
1256 3563 1354 3631 his
1394 3563 1560 3629 enim
1598 3567 1840 3646 septem
1872 3561 2097 3629 diebus
2124 3563 2323 3629 totius
2351 3562 2571 3629 mundi
2600 3565 2763 3629 ratio

481 3675 547 3736 et
572 3689 871 3737 numerus
900 3671 1274 3736 continetur.
1304 3689 1553 3754 semper
1579 3669 1747 3735 enim
1774 3669 1838 3735 jo,
1867 3687 1937 3735 se
1962 3668 2300 3736 redeuntes
2336 3669 2767 3752 multiplicant
2798 3690 2853 3735 su

480 3796 812 3843 numerum
851 3780 1227 3861 temporum.
1274 3781 1422 3860 post
1467 3776 1802 3841 sabbatum
1847 3775 2016 3841 enim
2064 3795 2102 3840 s
2146 3775 2346 3859 primo
2385 3774 2488 3841 die
2530 3774 2764 3858 repetit

481 3888 731 3967 sempet-
775 3901 978 3967 usque
1038 3883 1101 3947 in
1148 3882 1316 3948 diem
1363 3882 1729 3966 septimum,
1777 3880 1841 3946 id
1890 3885 1991 3947 est
2035 3881 2393 3962 sabbatum,
2438 3885 2515 3946 ιιι
2555 3899 2766 3949 resur-

479 3989 676 4055 rectio
715 3988 952 4055 domiui
988 3989 1191 4072 primo
1230 3989 1331 4054 die
1369 3988 1642 4055 inchoati
1680 3987 1895 4054 mundi
1931 3986 2101 4053 facts
2137 3987 2438 4064 discatur,
2474 3986 2585 4069 qui
2619 3987 2761 4099 dies

479 4093 833 4160 dominicus
915 4093 1164 4159 dicitur.
1236 4095 1447 4178 ipsum
1521 4094 1690 4160 enim
1762 4093 1912 4159 feeit
1993 4092 2287 4158 domiuus
2365 4111 2586 4171 unum,
2650 4093 2763 4176 qui

479 4217 741 4283 uespere
797 4199 860 4264 in
915 4200 1336 4282 septenarium
1382 4218 1713 4265 numerum
1759 4199 2058 4264 euolutus
2106 4198 2328 4282 incipit
2379 4199 2633 4276 iterum,
2687 4201 2764 4262 ιιι
2795 4218 2853 4263 εει

481 4306 566 4371 sit
610 4308 760 4388 post
803 4304 1215 4372 ebdomadam
1260 4306 1523 4391 primus.
1571 4304 1742 4389 quod
1787 4304 1879 4369 ita
1921 4305 2242 4370 decretum
2290 4304 2368 4369 sb
2423 4303 2603 4370 initio
2660 4308 2761 4369 est

661 4531 691 4583 7
732 4529 799 4583 cf.
838 4529 928 4584 Ex.
976 4531 1055 4597 12,
1093 4532 1126 4584 6
1164 4535 1266 4584 etc.
1374 4532 1444 4585 ‘23
1483 4530 1550 4584 cf.
1588 4530 1757 4600 Apoc.
1800 4530 1845 4597 1,
1889 4530 1953 4584 10

303 4721 487 4792 defi?
558 4720 583 4772 1
625 4717 816 4772 diebus
855 4718 1016 4772 certis
1057 4717 1163 4771 ΘΔ
1379 4717 1597 4787 quidue]
1647 4717 1777 4787 quid
1815 4717 1903 4772 uel
1938 4717 2058 4772 FB
2226 4718 2259 4770 5
2294 4717 2453 4787 signo
2490 4719 2674 4786 (corr.)
2716 4719 2764 4772 C

482 4809 783 4876 temporum
826 4812 883 4871 (ιι
922 4809 980 4860 iu
1015 4808 1148 4876 me.)
1191 4807 1238 4860 G
1348 4807 1381 4861 6
1419 4808 1571 4861 luna·
1598 4809 1783 4874 (corr.)
1819 4806 1890 4860 M
2030 4806 2111 4876 ut]
2150 4809 2205 4860 et
2244 4805 2429 4876 (σόη.)
2470 4805 2519 4861 0
2602 4806 2636 4860 8
2673 4821 2756 4859 rt·

483 4897 692 4950 tionum
728 4894 804 4959 Ν,
843 4899 901 4961 (ιι
939 4897 1002 4949 in
1039 4900 1171 4961 rae.)
1208 4895 1271 4950 F
1403 4895 1625 4965 inplens
1663 4893 1770 4949 ΟΔ
1876 4894 1911 4949 9
1947 4909 1981 4948 ι
2017 4894 2226 4949 decima
2262 4892 2474 4964 quartu]
2508 4908 2758 4947 mma

481 4985 591 5051 (ma
624 4999 670 5038 e.
708 4981 766 5049 1.)
802 4981 964 5036 XIIII
999 4986 1060 5036 ts
1097 4986 1179 5047 (ιι
1213 4998 1257 5038 e.
1296 4983 1354 5048 Ι.)
1389 4981 1465 5037 H
1494 4998 1526 5036 ι
1563 4979 1723 5035 XIIII
1757 4979 1826 5035 Ν
2004 4980 2084 5051 in]
2125 4979 2195 5034 nd
2228 4979 2293 5034 Ν
2475 4980 2758 5050 uigieeimn

482 5071 655 5141 prima
686 5072 734 5124 (J
757 5069 883 5126 xx1
909 5069 1031 5125 ΝΓ
1110 5071 1171 5125 11
1212 5071 1267 5140 ι]
1307 5069 1375 5125 nd
1412 5072 1594 5138 (corr.)
1619 5068 1685 5123 Ν
1786 5067 1880 5139 nd]
1918 5067 1990 5124 nd
2023 5068 2085 5137 (d
2119 5070 2182 5123 in
2215 5067 2452 5135 1⁵⁰0)ss
2522 5069 2589 5123 12
2623 5066 2757 5124 xm

482 5159 542 5213 Ν
669 5159 733 5214 18
770 5161 960 5229 quarta
999 5157 1225 5230 decima]
1262 5157 1424 5214 XIIII
1458 5157 1596 5216 MN
1717 5157 1783 5212 14
1819 5157 1991 5228 prima
2027 5156 2136 5212 FB
2264 5158 2328 5211 15
2363 5156 2497 5226 non]
2535 5172 2662 5211 unm
2698 5155 2763 5212 Ν

486 5247 550 5303 17
590 5247 717 5316 qnia
750 5245 907 5315 NJ*
937 5252 1122 5312 (corr.)
1265 5262 1503 5302 memora
1536 5245 1647 5301 FB
1752 5245 1824 5301 20
1857 5246 2088 5316 semper]
2125 5248 2335 5315 septem
2369 5244 2445 5300 M
2547 5244 2617 5300 22
2655 5243 2758 5299 vn

482 5334 634 5401 (add.
670 5351 813 5389 mutu
851 5352 892 5389 e.
934 5336 968 5390 I.
1006 5337 1121 5401 ¹¹⁸3)
1158 5335 1233 5389 M
1334 5335 1403 5389 25
1441 5334 1688 5390 euolntns
1724 5337 1907 5401 (corr.)
1936 5333 2003 5388 Μ
2110 5333 2181 5388 26
2217 5333 2430 5388 initio-o
2458 5331 2529 5388 Π
