3275 6434
687 1427 760 1498 cap.
778 1426 826 1482 nv
843 1424 986 1484 u-nvru
1004 1427 1029 1481 r.
1348 1429 1412 1492 451

321 1624 351 1685 2.
379 1621 514 1685 Miratur
541 1639 625 1705 ergo,
654 1619 730 1702 quia
757 1622 832 1702 post
858 1638 923 1682 rom
947 1619 1050 1683 lenem
1083 1623 1116 1684 et
1146 1619 1251 1684 minus
1283 1638 1412 1703 grauem

273 1727 439 1810 asperitati
467 1725 633 1790 studerent
659 1731 693 1791 et
719 1725 814 1800 oneri,
839 1724 900 1790 hoc
928 1727 987 1801 est,
1010 1732 1048 1789 nt
1070 1724 1239 1806 postidea
1262 1725 1412 1809 simplici·

271 1837 373 1896 tatem
406 1831 590 1896 circumcidi
623 1848 657 1895 se
688 1849 744 1914 pro
777 1830 941 1895 elementis
973 1830 1201 1913 permitterent,
1232 1832 1412 1897 neomenias

274 1937 415 2003 colerent
446 1941 479 2001 et
508 1935 676 2002 sabbatum
710 1935 875 2001 elementis
908 1935 1053 2001 subiecti.
1085 1942 1119 2000 et
1147 1953 1186 2000 ne
1217 1936 1412 2020 pseudoapo-

237 2043 368 2107 ostolis
406 2042 604 2107 occasionem
641 2041 766 2106 dedisse
802 2040 965 2105 uideretur
999 2040 1178 2106 dicentibus
1214 2040 1300 2106 aliud
1341 2060 1412 2108 asse

274 2148 360 2230 quod
392 2151 576 2231 acceperant
608 2147 739 2212 Galatae
771 2164 866 2228 quam
896 2146 1040 2211 uentntis
1067 2146 1163 2211 habet
1188 2146 1325 2224 traditio,
1349 2154 1413 2213 sta·

274 2255 334 2317 tim
366 2252 516 2318 subiecit:
554 2252 650 2335 quod
687 2270 756 2317 non
794 2257 853 2316 est
892 2250 1005 2328 aliud,
1046 2251 1120 2316 nisi
1162 2257 1250 2317 sunt
1289 2254 1410 2336 ntiqui

275 2359 339 2441 qui
364 2377 430 2422 uos
454 2358 680 2423 conturbant
702 2361 740 2432 et
762 2357 899 2423 nolunt
925 2361 1145 2423 conuertere
1173 2358 1411 2443 euangelium

275 2463 431 2528 Christi.
459 2462 547 2528 aliud
575 2481 648 2546 ergo
677 2467 754 2539 erat,
782 2461 822 2526 ad
850 2462 934 2544 quod
962 2463 1001 2527 ab
1030 2465 1172 2544 apostolo
1196 2463 1303 2528 uocati
1325 2472 1413 2528 erant

223 2589 254 2630 ro
274 2568 487 2652 euangelium,
515 2587 609 2651 qnam
636 2568 721 2651 qnod
748 2568 838 2650 sequi
866 2572 1032 2652 coeperant
1057 2569 1187 2650 inpulsu
1218 2568 1412 2651 pseudoapo-

273 2676 441 2751 stolorum,
473 2692 533 2738 non
565 2677 669 2738 tamen
702 2672 789 2738 aliud
822 2677 889 2738 erat
920 2691 1015 2756 quam
1047 2672 1193 2738 Christus
1229 2673 1412 2753 tradiderat,

274 2784 312 2843 ut
336 2779 387 2844 uel
409 2797 465 2861 per
487 2778 520 2843 id
542 2779 574 2843 in
598 2796 733 2843 errorem
757 2790 791 2842 se
820 2776 969 2843 inductos
1000 2780 1226 2862 cognoscerent
1252 2784 1286 2842 et
1312 2777 1411 2843 solam

274 2883 367 2947 tidem
386 2888 593 2966 sequerentur
610 2883 793 2967 profitentes
813 2882 974 2949 Christum
995 2882 1089 2946 doum
1109 2887 1142 2947 et
1159 2883 1243 2947 hunc
1266 2882 1411 2948 sufficere

274 2987 314 3052 ad
338 2989 474 3053 salutem
498 2988 708 3064 tribuendam,
733 3007 787 3071 per
810 3005 905 3072 quem
925 2989 1047 3052 funerant
1065 2988 1283 3053 remissionem
1302 3007 1410 3070 pecca·

226 3111 255 3155 ιε
275 3103 379 3158 torum
403 3092 519 3176 edenti,
541 3113 602 3160 nou
625 3093 816 3178 perlegam,
841 3093 916 3176 quia
938 3094 1005 3158 sine
1028 3093 1100 3178 lega
1122 3093 1226 3177 gratio
1246 3093 1297 3158 dci
1316 3094 1412 3158 donat

274 3199 400 3264 delicta.

216 3407 225 3466 )
274 3390 385 3455 nvnn.
419 3388 509 3455 cun
544 3388 691 3456 nunna
727 3387 916 3455 euocari
953 3387 998 3452 ne
1035 3387 1196 3455 coneus
1233 3388 1411 3455 anninus

276 3494 521 3562 munimur
538 3531 580 3542 -
600 3493 732 3560 cuuis
752 3493 860 3559 nuru
878 3492 952 3574 our
971 3493 1054 3561 sini
1071 3495 1126 3560 nx
1146 3491 1410 3575 Quacnuoun

274 3600 410 3666 riano
429 3597 733 3666 conscensum
752 3599 988 3676 insunuans,
1008 3599 1054 3665 nn
1073 3598 1234 3666 scarus
1254 3598 1410 3680 nnroun

225 3730 255 3771 ευ
274 3704 393 3771 sunu
416 3704 590 3782 succan
614 3703 690 3772 ssu
714 3704 821 3770 nuru
845 3703 920 3785 our
943 3703 991 3772 sn
1014 3704 1220 3784 nnscrnrn,
1242 3704 1318 3771 nsr
1337 3703 1411 3784 ori

273 3809 440 3889 ascune
480 3810 613 3877 ursan
648 3809 819 3889 nrnrnrn,
855 3808 932 3877 ssu
969 3810 1043 3889 our
1078 3801 1252 3877 suasuri
1283 3810 1328 3874 ru
1361 3811 1410 3876 sn

273 3915 429 3981 nurnero
443 3952 497 3992 -,
517 3916 603 3996 Qun
620 3915 674 3980 un
688 3913 945 3982 neosronus
960 3914 1112 3993 ‘nunna
1131 3914 1290 3998 nucum,
1309 3917 1409 3982 ‘enc-

274 4020 430 4096 osnnn,
447 4018 741 4100 anncunoun
755 4019 932 4086 suonam
945 4019 1080 4099 nono,
1094 4021 1232 4086 uxore
1248 4019 1409 4088 cnaeus

274 4125 363 4200 es‘n
402 4126 476 4206 our
511 4126 657 4193 runnu
694 4124 973 4203 noauroanun,
1011 4125 1056 4191 ru
1093 4125 1254 4193 scarus
1292 4126 1410 4193 snnu

225 4274 253 4316 „
741 4231 933 4298 enecare

320 4355 787 4440 1.1nperitnmpnteemieeo
817 4354 997 4438 apostolum
1026 4359 1082 4419 aut
1108 4356 1174 4420 uim
1201 4355 1278 4421 dicti
1306 4357 1410 4438 explu-

272 4462 340 4524 nari
364 4460 547 4526 desideras?
570 4480 642 4526 nam
661 4461 826 4544 apostolus
845 4466 981 4544 ‘corpus’
1000 4460 1108 4526 dicens
1132 4478 1192 4525 non
1217 4461 1409 4545 singularem

360 4648 524 4705 detsssai.
544 4649 622 4718 1,13
693 4648 727 4704 ci.
747 4648 806 4704 Gal.
825 4650 886 4718 tc
937 4648 1031 4705 acar.
1052 4650 1110 4714 1,7
1164 4647 1410 4705 moerore

271 4736 571 4803 sicomorum

310 4843 433 4899 lleucrn
451 4843 503 4897 Ko
556 4843 640 4912 3pro
658 4842 709 4897 Ko
725 4859 773 4914 per
790 4842 821 4897 D
869 4844 1009 4898 mitterent
1028 4859 1047 4896 o
1099 4845 1194 4911 dpoot
1212 4841 1408 4898 subiectindd.

271 4947 306 4986 sc
318 4932 460 5002 prouocati
470 4935 548 4985 crant
560 4931 588 4985 id
602 4936 645 4986 est
658 4932 762 5000 gratias
771 4947 826 4985 non
834 4931 904 5001 legis
914 4930 1031 4985 factores
1040 4930 1178 4999 (tutorem
1189 4930 1218 5000 o)
1227 4930 1278 4985 Kc
1312 4931 1408 4986 deeri-

271 5024 317 5072 tss
335 5018 420 5072 habet
437 5021 476 5085 (as
494 5018 712 5085 hebetiores.)
731 5017 763 5071 K
872 5017 984 5073 traditio
1002 5034 1054 5072 oss.
1074 5018 1108 5073 K
1174 5019 1193 5073 8
1211 5017 1372 5072 conturbent
1390 5033 1409 5070 o

272 5105 436 5162 conturbant
453 5123 502 5160 nos
520 5106 553 5161 K
634 5106 791 5161 subuertere
808 5106 842 5161 K
911 5107 945 5161 10
963 5110 1092 5176 ceperunt
1109 5105 1142 5160 K
1210 5108 1241 5160 ll
1262 5121 1342 5175 quam
1360 5104 1410 5157 lio

272 5192 346 5262 quod
363 5191 394 5247 D
446 5194 478 5246 12
497 5193 542 5247 uel
559 5208 611 5250 ons.
630 5192 663 5247 K
711 5192 744 5247 18
762 5194 834 5247 enirn
851 5209 903 5247 coo.
921 5192 954 5246 K
1002 5193 1035 5247 lc
1053 5193 1147 5261 utiquo
1164 5209 1216 5247 ore.
1235 5191 1267 5244 K
1312 5190 1348 5245 ‘20
1365 5213 1408 5244 oe·

273 5280 342 5334 cidit
360 5279 429 5343 (occi
448 5281 479 5334 in
495 5283 563 5346 roa.)
580 5279 614 5333 K
659 5280 691 5333 21
713 5280 774 5333 unic
792 5296 811 5333 o
860 5280 895 5333 23
913 5278 993 5333 homo
1011 5277 1106 5333 iecerit
1122 5277 1155 5331 K
1197 5276 1412 5346 uolsiniensis

1320 5380 1371 5435 oo·
