3275 6434
660 1390 732 1464 cap.
751 1391 904 1448 sxxxnu
924 1394 1002 1449 r-a.
1345 1400 1409 1464 145

273 1588 393 1670 propter
406 1589 638 1652 sacramentnm
652 1584 875 1653 incarnationis
894 1585 1012 1652 domini
1031 1590 1064 1652 et
1081 1587 1237 1671 passionis
1256 1593 1289 1654 et
1306 1608 1409 1656 rasur-

271 1691 425 1758 reotionis.
438 1693 471 1756 in
487 1708 615 1775 torpore
629 1691 711 1756 euim
726 1690 846 1758 domini
860 1696 948 1757 totus
966 1711 1063 1778 propa
1083 1691 1220 1759 munius
1238 1696 1409 1761 resurrexit

271 1801 297 1862 et
317 1797 519 1862 instauratus
542 1800 601 1862 est

305 1903 337 1966 3.
360 1900 555 1967 Absolutum
576 1905 631 1966 est
650 1919 710 1967 non
735 1920 793 1968 nos
816 1902 924 1968 lunam
947 1901 1060 1980 colera,
1084 1901 1141 1968 sed
1159 1922 1333 1984 nnmerum,
1351 1905 1406 1988 qul

244 2024 316 2090 aper
351 2005 450 2071 lnnae
472 2023 600 2070 cursum
633 2006 799 2072 institutus
831 2011 891 2088 est,
917 2006 1087 2073 custodire.
1116 2006 1260 2075 diabolus
1287 2013 1405 2091 summ,

267 2111 315 2193 qui
338 2114 391 2177 est
413 2115 552 2189 saunas,
576 2115 613 2177 ut
634 2110 776 2178 fallaciae
799 2131 877 2179 anas
899 2113 1120 2178 anctoritatem
1140 2113 1279 2198 aliquam
1296 2119 1406 2200 posset

266 2217 412 2285 adhibere
435 2222 470 2284 et
487 2217 650 2285 mendacia
663 2236 722 2284 sna
740 2219 962 2285 commenticia
981 2219 1115 2285 ueritate
1135 2220 1286 2300 eolorare,
1303 2223 1404 2305 primo

266 2342 371 2392 nense
404 2343 468 2408 quo
501 2328 696 2390 sacramenta
728 2324 884 2390 dominica
916 2326 980 2392 seit
1010 2324 1205 2404 celebranda,
1238 2327 1312 2410 qnia
1342 2346 1405 2394 non

266 2429 433 2497 notionis
468 2429 628 2514 potentiae
660 2433 718 2509 est,
751 2431 883 2514 paganis
916 2450 995 2514 quae
1027 2431 1232 2497 obsamarent
1261 2432 1404 2499 instituit

236 2536 424 2620 ronpsteria
448 2539 485 2601 ut
507 2536 627 2601 animas
650 2553 759 2601 eorum
786 2534 910 2602 duabus
938 2555 974 2601 ex
1002 2536 1108 2602 causis
1135 2537 1167 2601 iu
1195 2555 1298 2603 errore
1325 2537 1404 2604 ‹leti-

265 2645 362 2707 nsret:
395 2645 442 2720 ut,
474 2641 549 2725 qnia
580 2641 744 2723 praeuenit
771 2642 938 2707 uanitatem
965 2642 1099 2722 fallacia,
1129 2643 1247 2709 ueritas
1277 2642 1403 2710 fallacia

266 2746 433 2826 uideretur,
459 2747 551 2830 qnasi
573 2747 762 2830 antiquitate
789 2746 1007 2829 praeiudicans
1036 2748 1178 2824 ueritati;
1210 2751 1243 2814 et
1264 2749 1339 2832 qaia
1369 2749 1402 2816 in

266 2855 361 2937 primo
389 2870 507 2930 mensa,
535 2852 565 2916 in
594 2870 656 2934 quo
679 2851 914 2935 aequinoctium
939 2850 1055 2917 habent
1076 2853 1219 2929 Romani,
1242 2855 1338 2920 sicuti
1369 2861 1403 2921 et

267 2978 329 3036 nos,
353 2976 392 3023 aa
410 2959 481 3042 ipsa
499 2957 680 3023 obseruatio
700 2958 738 3023 ab
756 2956 806 3021 his
827 2957 1016 3034 custoditur,
1034 2959 1081 3023 ita
1098 2962 1135 3023 ut
1152 2961 1185 3024 et
1202 2978 1258 3043 per
1275 2962 1402 3046 sangui·

239 3083 331 3129 ronam
359 3062 467 3128 dicant
493 3062 700 3144 expiationem
724 3061 801 3142 fieri,
825 3061 910 3127 sieut
938 3066 971 3128 et
1003 3081 1060 3128 nos
1092 3082 1147 3146 per
1178 3082 1315 3132 oruoem.
1342 3065 1402 3131 heo

267 3170 402 3235 uersutis
424 3187 565 3253 paganos
588 3167 709 3234 detinet
739 3169 770 3232 in
804 3187 915 3247 errore,
944 3173 980 3234 ut
1006 3173 1120 3253 putent
1153 3170 1319 3236 ueritatem
1348 3191 1402 3238 no·

267 3281 355 3339 stram
387 3273 597 3340 imitationem
630 3274 738 3357 potius
770 3273 872 3339 uideri
904 3293 998 3357 quum
1026 3276 1204 3354 ueritatem,
1232 3277 1324 3360 quasi
1346 3295 1403 3359 per

267 3379 501 3445 aemulationem
520 3379 744 3462 superstitione
763 3378 897 3462 quadam
917 3380 1087 3446 inuentam.
1106 3383 1172 3447 ‘nen
1191 3381 1274 3446 enim
1289 3400 1400 3448 nemum

268 3489 386 3566 potest,
401 3485 557 3568 inquiunt,
571 3485 743 3550 ‘aestimari
757 3484 842 3568 quod
860 3491 971 3568 postea
985 3490 1035 3552 est
1050 3487 1233 3553 inuentum‘.
1252 3487 1309 3553 sod
1327 3489 1402 3572 quia

237 3590 342 3673 uapud
364 3608 423 3656 uos
446 3608 502 3673 pro
525 3595 610 3655 nerto
635 3591 754 3655 ueritas
777 3595 828 3656 est
850 3597 884 3655 ot
905 3592 943 3657 ab
964 3592 1055 3657 initio
1073 3592 1151 3658 haee
1170 3597 1229 3673 est,
1242 3593 1400 3659 uirtutum

266 3696 359 3780 alono
382 3695 599 3780 prodigiorum
623 3696 714 3780 sigua
735 3696 902 3778 perhibent
920 3697 1150 3775 testimoninm,
1173 3701 1210 3763 ut
1231 3702 1314 3765 teste
1337 3698 1400 3763 uir·

266 3807 326 3868 tute
349 3801 469 3868 diaboli
487 3802 661 3884 inprobitas
680 3802 865 3867 innotescat
884 3802 1032 3884 quoniam
1053 3803 1136 3868 enim
1155 3805 1225 3869 sola
1243 3808 1301 3883 est
1320 3822 1400 3887 quas

265 3907 350 3973 laeile
371 3906 507 3974 suadeat
532 3906 621 3984 haee,
650 3911 758 3972 eontra
784 3907 958 3972 uemutiam
988 3911 1020 3971 et
1046 3912 1253 3990 prasusntnm
1281 3908 1399 3974 diaboli

264 4014 362 4096 posita
389 4017 450 4089 est,
479 4018 515 4076 ut
543 4012 778 4078 simulationem
807 4012 876 4077 eius
905 4012 1035 4077 reuelet.
1064 4031 1155 4079 nemo
1187 4015 1270 4079 enim
1302 4015 1398 4079 etiam

231 4118 457 4183 sinimionrum
495 4133 608 4201 negare
645 4115 761 4182 suadeat
796 4116 863 4181 illio
900 4135 970 4182 esse
1004 4116 1180 4196 ueritatem,
1213 4118 1268 4184 uti
1295 4117 1399 4184 uirtus

263 4228 399 4306 apparet.

343 4481 361 4532 Γ)
381 4477 414 4534 ol.
434 4481 518 4550 Apoc.
539 4480 581 4546 12,
600 4480 625 4534 9.
644 4479 688 4543 20,
706 4481 724 4532 2

213 4616 228 4670 Ρ
290 4619 554 4676 21οωίηἰοη.11’
603 4619 726 4690 tipossit
743 4619 803 4674 ΝΧ
861 4619 1019 4675 lathiberi
1038 4619 1076 4675 Μ
1142 4621 1285 4676 ueritatem
1304 4625 1397 4687 (oon.)

257 4707 288 4762 N
336 4709 437 4780 Bono]
457 4708 529 4778 qnod
546 4707 584 4763 u
598 4712 678 4776 (corr.
696 4710 763 4776 ort),
779 4707 863 4762 CNX
879 4713 961 4773 (corr.
975 4708 1042 4780 ΓΔ)
1112 4708 1174 4778 soit]
1192 4709 1232 4764 sio
1249 4713 1330 4778 (sorr.
1348 4712 1398 4764 nit

256 4801 329 4864 suut)
347 4795 386 4852 u
400 4797 438 4852 sit
455 4796 540 4852 Nus
615 4797 648 4851 10
666 4797 754 4851 oanmt
771 4799 850 4861 (sorr.
868 4798 927 4862 112)
946 4794 984 4850 u
1053 4811 1168 4851 errorem
1186 4796 1274 4866 sold„
1292 4797 1342 4851 mi
1358 4798 1395 4865 cf.

256 4883 306 4939 lis.
323 4888 361 4939 10
427 4887 460 4939 13
478 4885 582 4939 rammi
601 4884 634 4938 N
701 4883 788 4938 secari
808 4883 863 4938 GN
930 4886 962 4938 14
980 4885 1021 4939 ita
1038 4885 1059 4951 (i
1076 4884 1107 4938 iar
1125 4887 1194 4951 rus.)
1212 4887 1244 4938 nt
1262 4888 1295 4951 (a.
1313 4885 1343 4950 1.)
1360 4883 1398 4939 u

257 4974 290 5027 lt
311 4972 418 5028 uuiaet
441 4975 481 5037 (ts
502 4972 535 5026 ior
555 4975 624 5040 ror.)
644 4972 668 5025 (⁷
756 4971 790 5025 18
811 4971 1016 5043 superstitione]
1035 4973 1242 5044 superati-tione
1262 4972 1396 5043 Conper-

257 5060 398 5115 rtitutiose
419 5059 452 5113 N
475 5075 557 5131 super
582 5059 805 5129 institutionetm)
833 5059 865 5113 X
934 5059 1069 5130 qaudam
1090 5060 1143 5116 (ΞΑ
1213 5061 1352 5116 inuentum
1373 5061 1398 5113 t'

258 5148 292 5202 eo
309 5150 381 5203 rorte
400 5147 454 5203 GB
506 5149 538 5203 21
558 5147 749 5218 prohibenti(
801 5147 837 5200 22
854 5147 1001 5202 innotescit
1019 5148 1075 5204 Fo
1128 5149 1163 5203 25
1181 5164 1214 5202 ns
1233 5147 1311 5214 (oda.
1329 5163 1394 5216 pare

259 5253 279 5290 a.
298 5238 327 5304 1)
345 5236 382 5290 Μ
448 5235 586 5292 audiatG
655 5235 752 5297 nirtual
772 5235 873 5290 ueritas
893 5234 926 5288 N

286 5357 311 5402 ι.
327 5359 431 5411 ross«.
444 5360 537 5410 numa.
553 5365 604 5402 ura.
1326 5340 1358 5395 1¹·
