3275 6434
541 1489 716 1555 XXX
1380 1485 1959 1555 Prolegomena.

541 1683 656 1756 tat,
719 1677 890 1762 quod
941 1678 1172 1744 litteris
1226 1677 1744 1744 semiuncialibus
1790 1678 1993 1760 quinti
2036 1681 2142 1743 uel
2189 1678 2350 1744 sexti
2396 1679 2503 1745 uel
2546 1679 2811 1766 septimi

543 1783 780 1849 saeculi
835 1783 1136 1866 scriptum
1203 1782 1401 1848 fuisse
1456 1781 1727 1848 uidetur.
1784 1787 2028 1866 praeter
2078 1801 2173 1860 ea,
2230 1802 2391 1867 quae
2441 1789 2631 1851 antea
2684 1788 2810 1850 col·

539 1889 688 1973 legi,
712 1890 765 1969 ι)
800 1906 1093 1972 compara
1124 1890 1359 1955 formas
1399 1889 1519 1952 md
1542 1891 1658 1968 (=
1687 1889 1875 1969 ocull),
1895 1886 1950 1971 '1
1978 1888 2415 1969 thimotheum,
2439 1888 2811 1975 Praecipitem

541 1999 639 2074 (ex
691 1993 1060 2077 hac-mpiu‘‚
1115 1993 1282 2076 quod
1337 1993 1627 2059 oscitanti
1682 1993 1936 2059 librario
1989 2012 2100 2077 pro
2156 1994 2523 2077 leaect'pium
2587 1994 2809 2062 cedere

541 2103 806 2185 poterat,
835 2099 947 2166 sed
975 2102 1076 2165 est
1099 2099 1447 2183 acdpiunt,
1477 2118 1536 2182 p.
1567 2101 1719 2178 381,
1754 2103 1879 2182 15).
1901 2098 1954 2180 ⁸)
1979 2101 2281 2165 insularis
2305 2104 2514 2165 tamen
2542 2100 2650 2166 hic
2675 2099 2808 2165 illic

552 2205 811 2289 praebet
844 2205 1036 2271 codex
1070 2205 1176 2284 (cf.
1213 2203 1293 2269 Ιιο
1329 2224 1436 2287 pro
1481 2211 1698 2271 (certem
1742 2207 1892 2282 257,
1947 2207 2046 2282 15,
2091 2206 2482 2270 exarmando
2526 2207 2683 2283 291,
2723 2206 2805 2271 14

551 2315 718 2393 etc),
759 2311 943 2395 quasi
983 2328 1207 2394 parens
1253 2310 1445 2376 codex
1489 2312 1565 2375 ab
1611 2311 1862 2376 bomine
1906 2311 2181 2376 Hiberno
2226 2311 2500 2394 scriptus
2542 2314 2735 2377 esset.
2753 2311 2809 2392 ⁴)

548 2417 713 2483 unde
744 2417 903 2482 licet
934 2418 1214 2482 conicere
1251 2417 1529 2483 codicem
1565 2419 1849 2483 nostrum
1888 2416 2224 2482 Bobiensis
2265 2415 2536 2481 alicuius
2572 2413 2812 2481 codicis

542 2524 858 2606 exemplar
911 2542 1071 2588 esse.
1093 2523 1143 2603 ὅ)
1199 2523 1364 2588 hunc
1421 2524 1825 2606 archetypum
1878 2526 2138 2606 apparet
2196 2540 2267 2586 ex
2313 2520 2405 2586 eis
2449 2520 2699 2587 lacunis
2743 2520 2806 2585 in

542 2629 639 2708 Π,
669 2647 828 2712 quae
857 2647 975 2694 non
1007 2648 1078 2695 ex
1106 2629 1614 2694 homoeoteleuto
1644 2629 1941 2710 explicari
1968 2630 2253 2712 possunt,
2271 2626 2451 2691 binas
2478 2626 2808 2691 columnas

540 2736 604 2800 in
651 2735 896 2820 paginis
944 2734 1261 2814 habuisse,
1305 2753 1529 2800 uersus
1576 2732 1879 2799 babentes
1925 2734 2272 2799 litterarum
2318 2733 2603 2796 22—24.

465 2848 512 2903 0
636 2840 967 2906 Proximus
1038 2840 1340 2906 Mettensi
1416 2842 1516 2905 est
1578 2838 1771 2906 codex
1836 2840 2361 2907 colbertinus
2422 2838 2808 2919 (Parisiacus

549 2945 703 3012 bibl.
757 2950 885 3011 nat.
940 2947 1135 3022 2709,
1192 2963 1350 3010 saec.
1396 2944 1601 3024 VIIII,
1668 2945 1819 3010 olim
1875 2944 2049 3012 Oolb.
2117 2945 2310 3023 4565,
2364 2944 2518 3028 Reg.
2583 2945 2808 3022 4322),

551 3071 736 3134 quem
791 3049 993 3116 editor
1035 3049 1490 3116 Benedictinus
1543 3050 1816 3133 inspexit
1858 3069 2344 3134 nonnumquam.
2387 3049 2531 3116 luce
2577 3050 2811 3117 clarius

548 3160 649 3223 est
690 3154 991 3234 codicem,
1038 3154 1158 3220 etsi
1205 3153 1512 3221 Carolinis
1560 3155 1935 3221 minusculis
1982 3156 2311 3239 scriptum,
2358 3175 2428 3221 ex
2473 3154 2811 3240 exemplari

547 3261 810 3328 insulari
876 3260 1273 3326 descendere.
1335 3259 1601 3326 fortasse
1665 3279 1853 3326 auum
1913 3259 2137 3326 babuit
2189 3260 2564 3326 Bobiensem
2619 3279 2809 3344 quem

549 3386 741 3450 supra
812 3365 1347 3432 adumbrauimus.
1422 3369 1590 3431 certe
1664 3384 1852 3449 saepe
1927 3383 2069 3431 cum
2135 3364 2221 3429 M
2289 3368 2384 3445 (et
2442 3365 2533 3446 P)
2592 3368 2810 3431 contra

550 3478 794 3539 ceteros
849 3471 1203 3549 concordat,
1260 3470 1372 3537 sed
1425 3473 1624 3538 rarius
1683 3473 1742 3537 in
1789 3470 2170 3538 lectionibus
2215 3470 2395 3535 falsis
2441 3471 2544 3551 (cf.
2592 3491 2655 3556 p.
2702 3471 2810 3546 21,

550 3579 609 3643 6.
655 3580 762 3655 25,
811 3578 870 3644 8.
920 3577 1025 3653 33,
1065 3578 1124 3642 9.
1173 3577 1280 3656 49,
1342 3578 1467 3657 16).
1515 3577 1714 3643 nibilo
1771 3578 1982 3643 minus
2036 3580 2244 3642 tamen
2298 3576 2455 3642 satis
2499 3581 2601 3643 est
2644 3595 2814 3642 men·

551 3684 772 3751 dorum
820 3683 1253 3748 communium
1305 3687 1379 3748 nt
1432 3682 1711 3766 aliquam
1757 3682 2193 3766 cognationem
2251 3700 2396 3748 esse
2442 3683 2548 3748 uix
2582 3699 2813 3767 negan-

552 3790 699 3856 dum
747 3789 849 3853 sit.

463 3912 528 3966 N
642 3893 849 3961 Codex
893 3894 1356 3960 Parisiacus
1402 3892 1554 3961 bibl.
1601 3895 1726 3957 nat.
1769 3893 1979 3959 17385
2018 3893 2168 3959 olim
2205 3893 2510 3960 Dominae
2544 3892 2818 3959 Nostrae

551 3999 926 4065 Parisiensis
963 4003 1152 4080 (saec.
1192 3998 1402 4079 VIIII)
1436 3999 1582 4081 plus
1619 4017 1658 4062 a
1695 4017 1842 4063 uero
1889 3999 2184 4065 abhorret
2216 4017 2402 4084 qnam
2447 3999 2503 4065 0
2531 4002 2597 4064 et
2632 3998 2819 4081 quasi

555 4103 802 4169 medius
863 4103 1027 4169 inter
1076 4102 1132 4168 0
1169 4108 1232 4169 et
1294 4104 1562 4169 classem
1609 4103 1687 4167 X
1741 4102 1846 4182 (cf.
1909 4104 2096 4184 infra)
2156 4104 2506 4182 intercedit,
2566 4105 2628 4169 in
2695 4104 2820 4169 fine

554 4209 841 4287 mutilus,
890 4209 1120 4292 quippe
1167 4210 1274 4291 qui
1319 4210 1382 4273 in
1432 4210 1678 4293 syllaba
1714 4231 1817 4294 ye—
1864 4213 1954 4293 (p.
2002 4210 2149 4288 403,
2192 4211 2299 4290 17)
2344 4209 2605 4277 desinat.
2654 4229 2818 4295 opus

556 4315 941 4381 exscribendi
999 4314 1122 4380 duo
1176 4315 1412 4380 librarii
1469 4316 1683 4398 partiti
1739 4320 1907 4382 sunt.
1964 4316 2167 4382 multo
2225 4317 2477 4400 saepius
2542 4334 2688 4380 cum
2742 4315 2823 4380 Χ

557 4440 743 4504 qnam
791 4439 931 4485 cum
984 4420 1040 4486 Ο
1086 4425 1330 4502 (contra
1374 4421 1476 4503 X)
1533 4422 1869 4487 concordat
1921 4423 2371 4505 (exemplorum
2427 4439 2619 4487 causa
2672 4421 2824 4486 uide

648 4643 688 4710 ¹)
727 4642 807 4697 Cs.
844 4641 1331 4711 Situsmmberichte
1364 4641 1400 4696 1.
1439 4659 1482 4696 c.
1523 4659 1571 4712 p.
1610 4645 1661 4696 5.
1701 4646 1749 4697 6.

650 4729 693 4796 ²)
730 4729 810 4786 Cs.
850 4730 1112 4788 Roenscb.
1155 4729 1502 4784 collectanea
1539 4729 1898 4797 Ρὴίῐοὶοᾳίσα,
1938 4747 1989 4799 p.
2032 4729 2111 4784 18.

649 4818 691 4881 8)
728 4818 808 4873 Cf.
853 4817 1162 4872 old-Latin
1195 4816 1444 4872 Be'ble‘cal
1489 4816 1648 4871 Texts
1684 4818 1793 4872 No.
1840 4818 1901 4871 V.
1949 4817 2018 4888 by
2065 4817 2125 4871 Ε.
2164 4818 2217 4872 S.
2257 4817 2548 4872 Bucbanan
2593 4816 2822 4886 (Oxsorrl

546 4906 722 4986 ism)
761 4923 810 4976 p.
849 4905 939 4973 VI,
977 4906 1043 4960 de
1081 4905 1195 4959 cod.
1237 4906 1365 4960 bibl.
1394 4905 1490 4977 ff„
1529 4921 1687 4974 quern
1727 4906 1901 4974 quinti
1939 4921 2057 4960 esse
2092 4905 2293 4961 saeculi
2331 4909 2578 4975 apparet;
2618 4904 2685 4959 de
2720 4905 2829 4958 uss!

564 5000 619 5049 et
656 4989 1003 5048 thimotheum
1040 4992 1104 5046 cf.
1144 4992 1260 5048 cod.
1302 4993 1429 5049 bibl.
1470 4993 1546 5065 d„
1583 4999 1683 5046 etc.

654 5082 694 5152 ⁴)
733 5080 1169 5135 Veto-tissimum
1209 5082 1505 5150 exemplum
1546 5080 1829 5149 conpendii
1868 5080 2116 5135 insularis
2154 5096 2247 5148 pro
2286 5085 2463 5133 autem
2501 5085 2585 5134 est
2619 5079 2823 5134 saeculi

563 5170 779 5241 septimi
817 5169 1058 5223 exeuntis
1095 5167 1324 5238 (antipb.
1364 5169 1499 5222 Bent
1495 5168 1603 5234 b·.).

655 5258 696 5322 ⁵)
731 5256 921 5310 Fortes
1018 5273 1077 5309 ex
1115 5255 1311 5325 glossis
1338 5256 1611 5309 inusitatis
1637 5255 1738 5308 iste
1761 5255 2051 5324 requm'tus
2085 5268 2200 5306 non
2236 5253 2826 5320 est(p.1··›,7·.>4),lne·c

565 5361 692 5399 uero
731 5350 1017 5411 reqmentue
1050 5360 1165 5397 non
1200 5349 1278 5397 est
1313 5345 1385 5412 (p.
1423 5342 1546 5409 362,
1582 5342 1637 5411 9)
1675 5341 1935 5410 originem
1975 5341 2089 5394 eius
2128 5338 2369 5393 diuinare
2404 5338 2606 5392 licebit.
