3275 6434
640 1173 715 1246 cup.
733 1173 809 1233 cvn
826 1173 970 1235 t-cvm
988 1175 1013 1233 1.
1328 1181 1391 1246 251

251 1370 369 1448 lueem,
391 1368 451 1434 hoe
474 1367 569 1434 modo
588 1367 713 1436 creauit
727 1370 760 1434 et
777 1368 934 1446 tenebret,
953 1387 1014 1453 quo
1033 1368 1127 1435 modo
1146 1369 1263 1437 ieoiene
1282 1389 1394 1454 equum

252 1474 351 1541 eimul
373 1472 494 1540 oreuuit
515 1475 549 1539 et
565 1476 698 1549 ‘terrumz
722 1475 760 1539 ut
781 1473 867 1549 eiout
887 1473 1014 1540 firmum
1036 1492 1135 1560 equae
1156 1479 1240 1541 terre
1263 1480 1322 1554 eet,
1350 1477 1397 1541 ite

257 1579 406 1647 tenebrae
429 1577 571 1651 dunen·
593 1577 734 1645 luminis.

300 1687 332 1754 8.
351 1685 439 1752 Deue
458 1688 565 1771 nutem
584 1685 672 1750 eolue
691 1687 742 1750 eet
759 1685 815 1768 qui
833 1683 992 1751 detentum
1011 1686 1222 1769 uounetitur,
1241 1687 1306 1769 qui,
1325 1705 1396 1753 eum

221 1810 237 1854 e
255 1791 375 1875 ubique
393 1791 447 1868 eit,
464 1790 563 1856 immo
583 1789 688 1858 omniu
706 1789 789 1860 intre
806 1807 842 1855 ee
859 1789 984 1867 hubent,
1002 1794 1069 1859 tem
1084 1791 1266 1875 praeclarus
1277 1854 1279 1858 .
1290 1796 1341 1859 eet
1362 1798 1399 1858 ut

256 1895 381 1967 anullo
404 1895 561 1972 uidentur,
579 1895 642 1961 niei
662 1912 699 1961 ee
722 1894 862 1961 uoluerit
877 1898 1066 1980 temperare.
1089 1895 1225 1982 denique
1248 1898 1399 1974 euluuton

256 2021 331 2071 oum
350 2004 436 2071 eee'et
452 2001 485 2066 in
503 2019 634 2085 conpore
651 2005 685 2068 et
701 2001 831 2067 'oluunue
850 2020 913 2069 uon
929 2006 1026 2080 eeeet,¹
1043 2006 1150 2068 tumen
1169 2003 1299 2070 minime
1314 2002 1401 2070 uide·

257 2109 363 2187 butun,
381 2107 443 2172 uiei
461 2106 627 2181 uoluieeet.
646 2125 719 2173 nem
738 2106 860 2191 utique,
879 2106 964 2190 quud
981 2107 1139 2177 inmonte
1157 2108 1401 2194 trenetiguretne

260 2218 313 2281 eet
334 2214 420 2280 etin
444 2213 587 2281 oltnitute
609 2228 725 2298 magun
747 2211 905 2296 teneruit,
931 2212 991 2279 hoo
1006 2213 1117 2282 ueluti
1137 2213 1261 2280 lambet
1280 2213 1402 2282 incon·

214 2337 244 2384 no
261 2337 349 2404 pore,
372 2316 467 2402 quod,
494 2336 568 2384 uum
596 2317 713 2395 uoluit,-
731 2317 958 2390 munifeutuuit
979 2337 1052 2402 quo.
1068 2317 1162 2387 modo
1186 2336 1260 2415 ergo
1283 2318 1405 2385 lutebnt

262 2423 316 2509 qui
332 2423 463 2498 oluueue·
474 2442 536 2489 non
550 2425 638 2493 eret?
652 2441 725 2489 nem
744 2422 772 2488 ei
789 2434 866 2489 oum·
882 2436 1011 2506 corpure
1024 2424 1144 2492 oluueiu
1162 2425 1255 2490 oetiie
1272 2424 1404 2490 intrauit

263 2529 303 2594 ed
321 2528 508 2612 dieoipnloe⁹
527 2547 620 2610 quem
642 2528 682 2594 ud
704 2527 832 2599 modun
853 2528 1092 2598 diuinitnueiue
1110 2548 1171 2595 nou
1190 2531 1297 2596 omniu
1313 2548 1404 2613 peue-

263 2638 348 2707 nete
361 2634 422 2704 hoo
438 2638 498 2712 ent,
513 2632 619 2708 uluudi
632 2653 693 2701 nou
707 2637 826 2718 potest,
841 2635 916 2717 quin
929 2634 1088 2713 deiectum
1106 2652 1168 2700 uon
1186 2635 1314 2718 petitur.
1333 2652 1404 2703 oum

264 2759 339 2825 ergo
362 2759 518 2822 uuequunu
537 2739 622 2808 deeit
638 2739 815 2820 deue‚.illio
832 2742 938 2807 tumen
957 2738 1075 2805 dieitur
1090 2749 1177 2818 enee,
1193 2739 1256 2808 ,ubi
1277 2742 1407 2823 appetet

217 2861 250 2916 ,ὓ
267 2848 301 2911 et
314 2845 386 2912 uult
402 2843 514 2910 uideri
531 2863 604 2911 oum
624 2862 699 2929 ergo
718 2844 823 2910 omniu
840 2842 871 2910 iu
892 2843 950 2911 deo
969 2843 1043 2924 nint,
1061 2844 1137 2927 quie
1151 2844 1278 2910 excedit
1295 2847 1407 2914 ounetu

267 2949 394 3017 dicente
416 2949 576 3033 apostolo:
603 2951 640 3016 in
667 2950 756 3034 ipeo·
778 2949 876 3016 enim
903 2949 1071 3022 uiuimus
1098 2954 1136 3019 et
1156 2960 1350 3016 monemur
1371 2951 1409 3015 et

269 3068 411 3136 eumue,
433 3054 503 3139 ipee
525 3052 630 3132 temen
653 3055 685 3121 iu
704 3055 792 3122 nullo
810 3058 862 3121 eet
879 3055 942 3122 uiei
959 3056 991 3121 in
1007 3054 1238 3139 quommodo„
1257 3054 1407 3140 mysterio

269 3161 354 3227 euim
368 3160 514 3245 quodum
541 3161 574 3226 in
602 3159 749 3227 omnibue
776 3164 827 3226 eet
854 3163 886 3226 et
908 3160 1107 3244 prouidentia
1132 3160 1268 3244 quedem
1290 3160 1321 3226 in
1345 3180 1408 3244 quo

269 3266 344 3333 uuit
365 3270 504 3350 appetet.

220 3431 251 3477 uu
371 3403 484 3471 cvm
507 3405 563 3472 Dld
585 3403 747 3472 ulduni
770 3401 954 3485 nunaut,
976 3406 1032 3472 EX
1056 3404 1141 3487 QUO
1165 3404 1316 3473 NOMEN

720 3509 962 3580 nccupnmn.

317 3634 347 3699 1.
371 3629 471 3698 Omne
494 3632 578 3716 quod
601 3651 620 3698 e
642 3632 701 3722 deo
732 3638 793 3711 eet,
821 3635 978 3720 rationale
1002 3637 1053 3701 eet
1080 3638 1120 3700 et'
1140 3634 1194 3700 uni
1222 3633 1336 3716 cuique
1363 3631 1409 3697 rei

269 3737 433 3806 exordium
451 3738 630 3819 tenendum,
645 3758 725 3829 qune
739 3739 783 3805 eit
796 3740 883 3826 origo
898 3739 1011 3824 ipsine,
1026 3731 1137 3805 utnon
1157 3738 1291 3805 absurde
1308 3737 1409 3803 nomi·

269 3842 337 3909 nuri
355 3845 412 3908 eut
429 3843 603 3910 eubeietere
621 3843 777 3921 uidentur,
796 3843 853 3909 eed
871 3847 909 3910 ut
927 3843 1117 3928 nuncupatio
1134 3862 1201 3908 rem
1219 3840 1409 3918 ostenderet,

223 3975 253 4020 n
271 3967 353 4034 quae
371 3953 467 4033 ceput
483 3949 687 4033 intellegetur
700 3968 770 4017 eene
783 3950 886 4032 ipeiue
900 3950 1045 4017 nominie.
1059 3950 1158 4034 igitur
1174 3949 1254 4014 natio
1272 3946 1409 4013 hominio

359 4126 376 4179 9
395 4124 430 4179 ei.
447 4124 546 4180 neon.
566 4124 608 4192 11,
629 4127 651 4179 1.
670 4126 687 4178 2
743 4126 774 4180 ll
794 4124 830 4180 oi.
849 4124 907 4180 lou.
925 4124 970 4189 20,
989 4126 1022 4180 1⁹
1078 4124 1111 4179 lt
1130 4125 1190 4180 net
1209 4124 1251 4185 17.
1271 4122 1306 4177 28

308 4246 322 4302 1
341 4245 394 4301 hoe
412 4249 493 4313 (eurr.
511 4246 566 4313 hit)
585 4245 617 4299 N
718 4245 799 4301 modo
813 4247 869 4317 pn]
888 4245 988 4303 mundo
1002 4244 1103 4309 Pan
1119 4249 1199 4313 (nore.
1217 4243 1368 4309 muudum),
1382 4243 1412 4297 F

271 4323 293 4390 2¹
308 4332 424 4405 dmum]
441 4333 533 4393 dmum
551 4337 631 4401 (eurr.
648 4351 683 4390 et.
702 4351 753 4389 rec.
768 4349 906 4390 nummum
924 4333 973 4403 [?])
990 4333 1027 4388 u
1044 4332 1158 4388 tirmiter
1176 4335 1229 4399 (ten
1245 4331 1278 4386 in
1294 4331 1362 4398 rue.)
1381 4330 1414 4384 Ν

271 4420 390 4492 terreo
440 4426 483 4476 eet
493 4421 542 4479 'itu
555 4422 695 4491 teneone}
713 4415 770 4476 et'et
787 4419 960 4479 eoeneum-0
992 4419 1175 4490 tdeieetum]
1188 4418 1313 4474 edentum
1330 4417 1410 4472 ONX

272 4508 462 4579 iniqu-K
510 4507 952 4579 πί-ω(9)οιι.(αᾶᾱ.ιι9.)0
985 4506 1122 4564 dneeiN
1154 4507 1189 4562 10
1206 4505 1278 4577 quod
1293 4507 1408 4574 (θυαε.

271 4596 458 4667 unisonum
493 4596 598 4653 ldeum
613 4597 716 4653 omi
747 4597 780 4655 ,11
798 4596 909 4666 ulemie]
923 4595 1065 4652 eiunnnnP
1101 4595 1134 4652 18
1148 4594 1263 4652 eludill
1298 4595 1332 4650 15
1345 4599 1409 4650 eunt

271 4687 363 4755 (eurr.)
375 4683 409 4738 N
474 4685 574 4741 exoidit
589 4684 613 4739 0
628 4688 730 4754 (oum),
743 4685 810 4741 Nx
871 4685 903 4739 17
922 4683 1072 4740 minieterio
1088 4684 1112 4739 0
1127 4687 1207 4751 (eurr.
1227 4683 1367 4751 misterio),
1381 4681 1412 4736 N

271 4773 327 4844 ent]
347 4789 362 4827 e
380 4775 474 4838 (erue)
492 4773 577 4829 ento
657 4771 894 4851 leopos-neto
974 4773 1010 4828 20
1024 4772 1144 4846 hebreo·
1161 4771 1189 4827 P
1205 4770 1312 4828 ebruino
1331 4769 1413 4826 GNF

271 4859 401 4927 lenonie·
416 4859 449 4914 X
517 4870 574 4930 qun·
589 4859 622 4913 N
679 4859 712 4914 21
732 4860 839 4932 aceepit
855 4856 887 4914 N
948 4860 984 4917 22
1001 4859 1162 4916 ndonubile
1183 4858 1236 4918 θΔ
1293 4857 1328 4914 28
1347 4874 1408 4933 eeu·

269 4965 329 5006 eum
348 4947 376 5003 P
462 4947 498 5003 14
515 4948 680 5019 nuncupetio
698 4947 764 5019 nem]
782 4948 1010 5018 nuncupationem
1027 4946 1061 5003 N
1138 4945 1305 5017 onteuderet]
1324 4947 1410 5017 tigni·

273 5036 337 5091 dcet
355 5034 383 5090 P
433 5036 467 5092 25
486 5035 658 5107 intellegitur
675 5035 731 5095 PX
799 5035 908 5091 nomine
924 5034 958 5090 N
