3275 6434
549 1429 624 1500 Cap.
637 1428 743 1486 'CXVII
760 1427 929 1499 e-cxvm
944 1429 972 1484 4.
1261 1429 1327 1497 855

183 1627 288 1688 trem
319 1626 389 1690 aut
415 1626 580 1689 matrem
608 1626 679 1689 aut
705 1622 823 1689 filice
851 1641 972 1707 auper
994 1642 1063 1702 me,
1084 1641 1159 1689 uou
1182 1625 1247 1690 eat
1269 1640 1327 1689 me

185 1727 226 1794 di
237 1747 347 1813 guua.
370 1728 455 1795 uude
477 1729 664 1812 patriarcha,
688 1731 726 1793 ut
743 1727 871 1794 demine
889 1746 964 1812 prae
982 1729 1096 1794 cetaria
1114 1727 1230 1813 diguua
1248 1727 1326 1795 erai-

186 1837 298 1911 steret,
321 1835 417 1900 etim
440 1832 583 1900 occidere
605 1833 707 1899 dIqur
730 1851 792 1899 ueu
814 1834 986 1900 recuaauit

595 2092 737 2166 CXVIII.
761 2093 817 2159 uu
840 2091 923 2162 IOB.

149 2248 167 2291 ⁵
234 2237 263 2299 1.
286 2234 404 2319 Magna
426 2233 552 2300 dilectio
577 2237 637 2311 eet,
660 2234 774 2301 fratrea
797 2233 1011 2313 dilectissimi,
1030 2232 1255 2319 omnipotentia
1275 2233 1326 2300 dei

187 2359 264 2425 erge
295 2358 394 2424 genua
427 2341 611 2416 humanum,
649 2357 729 2422 quae
761 2339 925 2405 intellecta
956 2337 1084 2422 quidem
1115 2337 1262 2423 perducIt
1287 2338 1329 2405 ad

187 2464 286 2530 regua
307 2446 468 2524 caeleatia,
490 2464 551 2512 uon
575 2447 738 2529 intellecta
759 2449 867 2511 autem
891 2444 1020 2511 deducit
1041 2444 1081 2510 ud
1102 2444 1230 2518 interea,
1251 2444 1328 2511 deua

187 2552 273 2617 euIm
294 2550 482 2617 beneficIum
505 2571 600 2617 auum
623 2555 749 2636 gratum
773 2553 845 2616 uult
867 2569 937 2616 eaae
961 2554 994 2616 et
1011 2543 1221 2628 fructiferum,
1240 2554 1278 2614 ut
1295 2554 1329 2616 et

186 2657 279 2722 nebia
302 2656 447 2740 preficIat
469 2659 502 2721 et
523 2657 614 2722 illum
638 2655 780 2722 uriaereri
803 2655 951 2721 delectet

139 2773 170 2817 1⁰
234 2763 265 2826 2.
283 2761 389 2846 Igitur
407 2762 554 2845 quoniam
572 2761 676 2826 bcuua
700 2763 751 2826 eat
772 2765 806 2826 et
829 2779 938 2827 umuea
960 2761 1105 2827 homiues
1128 2759 1236 2826 ualuca
1255 2760 1329 2827 uult

187 2867 267 2946 fieri,
291 2867 470 2951 exemplum
492 2866 584 2932 nebia
609 2866 751 2932 iuatitiae
774 2866 806 2932 iu
830 2865 887 2933 Iob
910 2864 1065 2931 famulum
1088 2883 1183 2931 auum
1202 2864 1329 2932 demeu-

188 2973 314 3048 atrauit‚
338 2972 424 3038 aicut
445 2990 593 3056 praeaeua
615 2972 711 3037 lectio
734 2974 940 3050 ccutaatetur,
964 2970 1049 3054 qued
1072 2971 1175 3037 aecuti
1193 2973 1227 3037 et
1244 2971 1327 3036 malo

189 3097 294 3144 carere
314 3083 348 3144 et
365 3078 404 3145 ud
421 3078 540 3144 bouum
559 3078 667 3143 uenite
685 3077 847 3160 poeaimua
871 3095 932 3142 ucu
950 3077 1055 3142 aulum
1074 3095 1094 3141 a
1111 3093 1212 3160 pceua
1228 3075 1330 3156 liberi,

189 3184 245 3251 aed
269 3187 303 3250 et
323 3184 523 3250 remunerati.

141 3301 170 3347 re
235 3290 266 3353 3.
295 3288 397 3370 Quem
428 3307 503 3372 ergo
535 3287 730 3363 admirabilia
758 3292 809 3353 eat
835 3287 1055 3353 auuctIaaimua
1082 3286 1151 3367 Iob,
1176 3286 1230 3370 qui
1258 3291 1329 3353 aute

190 3395 293 3476 legem
326 3393 442 3459 litteris
475 3393 591 3460 editam
621 3392 770 3475 operibus
801 3391 871 3458 auia
898 3391 1056 3475 exemplar
1081 3391 1164 3477 legin
1190 3391 1332 3458 eateudit

190 3499 279 3564 nulla
300 3500 332 3564 iu
354 3499 413 3565 hac
435 3517 531 3565 cauae
553 3497 689 3575 alicuine
716 3497 907 3563 documenta
932 3496 1109 3578 addiscens,
1134 3496 1191 3562 aed
1217 3500 1330 3562 natura

191 3608 260 3689 ipra
279 3605 369 3684 duce,
388 3605 440 3670 cui
459 3605 536 3671 deua
555 3604 697 3670 icatidae
716 3603 838 3669 aemiua
854 3603 1040 3669 naturaliter
1056 3603 1162 3670 iueaae
1181 3602 1330 3687 decreuit

191 3711 323 3777 creatori
346 3711 556 3777 reuerentiam
579 3710 632 3794 pie
654 3710 823 3776 deuotione
846 3709 1001 3776 aeruauit!

139 3831 172 3875 ὀ
236 3820 266 3882 4.
296 3816 420 3897 Quanta
445 3817 545 3902 Igitur
565 3815 659 3882 laude
688 3815 802 3900 diguus
831 3819 882 3881 eat
908 3818 941 3882 et
967 3815 1084 3899 quibua
1111 3815 1218 3881 uerbia
1244 3815 1329 3881 facta

189 3923 259 3988 eiua
283 3922 416 3988 debeant
438 3922 557 4001 extolli,
580 3921 631 3988 cui
655 3940 755 4003 neque
778 3925 851 3987 aute
872 3921 975 4006 legem
1000 3939 1102 4004 neque
1125 3924 1200 4006 pcat
1222 3921 1327 4005 legem

187 4047 295 4114 parem
318 4046 489 4114 pcaaumua
511 4027 673 4093 inuenire?
697 4026 845 4110 quamuis
869 4026 897 4091 ai
920 4026 992 4108 quia
1015 4029 1126 4111 puaaet
1148 4030 1240 4111 geete
1257 4025 1326 4092 eiua

187 4133 306 4211 mirari,
323 4152 385 4200 nun
406 4134 469 4199 ium
494 4152 566 4198 cum
590 4152 627 4198 ec
646 4131 853 4198 conterendus
872 4135 940 4196 eret
957 4150 1058 4215 ueque
1077 4131 1106 4197 ei
1125 4130 1240 4197 aimilia
1259 4131 1328 4196 iure

278 4430 295 4483 8
314 4428 348 4484 cI.
367 4427 433 4485 Gau.
452 4428 496 4494 22,
514 4429 531 4483 3
587 4426 621 4481 10
639 4425 674 4481 cI.
691 4424 705 4480 1
722 4424 791 4480 urm.
808 4424 836 4493 2,
853 4425 872 4479 4

225 4589 242 4643 2
264 4587 427 4658 patrierchal
445 4591 512 4657 poet
529 4587 580 4641 dece
596 4584 710 4641 uadum
728 4584 800 4639 decet
817 4584 849 4639 P
862 4600 948 4653 aeque
965 4583 1005 4638 ud
1017 4600 1048 4653 ρ.
1067 4587 1137 4651 356,
1155 4586 1197 4638 22
1249 4585 1266 4637 5
1286 4582 1328 4637 di·

186 4679 283 4747 lectio]
301 4675 438 4731 ...ductio
456 4675 484 4730 P
554 4672 735 4744 dilectissimi]
754 4673 890 4728 Iariaairui
907 4671 935 4726 P
997 4672 1015 4727 8
1032 4671 1187 4726 beuidciuur
1207 4670 1233 4726 0
1301 4675 1330 4725 et

187 4766 239 4820 ult.
258 4780 310 4820 cn.
328 4764 358 4818 Χ
445 4763 462 4817 9
481 4760 595 4817 dilectet
614 4760 695 4816 GNX
792 4759 825 4815 10
843 4760 940 4831 igitur]
959 4759 1046 4830 igitur
1062 4758 1183 4815 delectet
1199 4758 1330 4828 (delectet

184 4855 271 4920 crue.)
290 4854 326 4908 u
396 4849 519 4906 homine·
537 4866 590 4904 cn.
605 4849 643 4904 M
694 4848 741 4904 qu
758 4848 796 4903 u
852 4849 884 4902 ll
904 4847 1065 4918 exemptum]
1085 4850 1117 4900 ut
1134 4847 1285 4917 uempluur
1302 4845 1332 4902 P

188 4938 392 4996 laurentiae
465 4938 498 4992 13
517 4954 655 5006 pceaemue
672 4936 750 5002 Α’,Ε
765 4939 868 5005 (cem),
885 4936 914 4992 B
1001 4934 1111 4990 liberari
1128 4933 1166 4988 u
1235 4934 1270 4988 14
1286 4950 1330 4989 re·

186 5027 324 5082 munerati
343 5032 423 5092 (corr.
441 5042 476 5082 eu.
495 5041 547 5080 rec.
566 5025 742 5092 remunerari)
759 5023 797 5078 u
811 5021 977 5079 remunerari
993 5020 1024 5076 X
1084 5020 1119 5075 le
1137 5036 1217 5090 querc
1234 5024 1329 5088 (cun.)

187 5117 219 5171 N
308 5116 341 5170 16
360 5115 459 5169 titteria
477 5114 566 5183 legem
583 5112 612 5166 P
700 5112 733 5167 18
751 5112 806 5181 cui]
826 5110 902 5166 cuiue
919 5111 957 5166 Μ
1035 5107 1140 5163 nemina
1156 5108 1329 5178 naturaIIter]

186 5205 338 5259 aemiuatur
354 5202 434 5257 aliter
450 5201 510 5255 Nx
589 5202 629 5255 21)7
642 5199 782 5276 diggeeuua
799 5199 837 5254 u
910 5197 946 5252 22
964 5212 1074 5268 pcaauur
1091 5195 1209 5261 (luem
1226 5199 1246 5251 4
1263 5195 1330 5268 Rea)

186 5293 281 5347 uenire
299 5291 335 5346 Β
387 5290 541 5361 puaaumual
560 5289 693 5359 poaeImua
710 5287 744 5342 N
774 5288 810 5343 28
828 5286 931 5342 imitari
947 5286 975 5341 P
992 5285 1039 5341 αἱ
1050 5283 1206 5340 Μ
1221 5282 1331 5340 Tem

1241 5384 1292 5442 2⁸.
