3275 6434
627 1209 702 1282 cap.
720 1207 925 1266 cxvii-51.
1273 1211 1340 1278 oet
1461 1228 1464 1235 '

201 1405 298 1469 etiam
324 1402 548 1469 uindioa'hitur.
582 1401 612 1467 si
643 1401 727 1466 euim
754 1401 786 1466 in
813 1401 972 1484 praesenti
999 1399 1153 1467 uindicari
1182 1401 1341 1468 desiderat

201 1509 356 1573 automni
370 1507 524 1573 euiditate
537 1507 757 1593 praesentibus
770 1505 834 1571 frui
853 1506 963 1589 rophe,
982 1505 1109 1573 dubitat
1126 1507 1165 1572 de
1183 1507 1342 1589 promissa

200 1614 271 1678 nita
305 1630 342 1678 ae
377 1632 434 1697 per
468 1613 529 1679 hoo
560 1612 592 1678 in
620 1612 728 1678 futuro
760 1613 844 1677 inter
869 1611 1005 1695 perfidos
1037 1611 1208 1696 deputatos
1238 1630 1340 1696 poena

201 1719 316 1804 diguus
338 1717 517 1786 habebitur.
539 1718 693 1784 mundum
717 1718 800 1783 enim
818 1717 898 1784 deus
916 1721 1044 1802 propter
1060 1717 1243 1784 exercitium
1261 1717 1340 1784 teoit

168 1830 234 1889 aet
256 1824 404 1890 omnihus
426 1824 527 1910 oopiis
548 1823 731 1889 honestauit
753 1823 833 1889 duas
858 1838 971 1889 oauses
991 1841 1176 1906 proponens,
1194 1840 1339 1906 praesen·

200 1932 266 1994 tem
294 1933 327 1995 et
353 1929 504 2004 futuram,
537 1929 707 1994 caelestem
735 1934 769 1994 et
794 1932 960 2006 terrenam,
987 1931 1028 1994 ut
1052 1928 1093 1994 ad
1124 1928 1338 2010 probationem

200 2042 308 2101 esseut
319 2036 494 2114 hominum,
514 2040 553 2102 ut
574 2036 631 2119 qui
652 2040 758 2117 spreta
776 2034 885 2100 {utura
902 2036 970 2101 uita
987 2038 1184 2120 praeuentem
1202 2034 1340 2119 elegeret

199 2142 285 2207 earni
321 2141 536 2225 deputaretur,
573 2141 627 2223 qui
667 2158 742 2206 uero
778 2140 934 2222 praesenti
967 2140 1106 2205 iuturam
1138 2142 1340 2224 anteponeret

199 2246 397 2329 spiritalibus
419 2246 534 2331 dignus
557 2244 736 2321 haberetur,
760 2248 793 2311 et
816 2245 871 2327 qui
899 2245 1016 2310 iniuste
1038 2263 1169 2330 pressus
1193 2243 1337 2329 potentia

153 2366 184 2412 uo
198 2351 389 2417 iniustorum
421 2353 578 2435 querellae
610 2351 669 2417 deo
697 2351 867 2434 deponeret
889 2351 943 2416 uel
968 2354 1145 2417 reseruaret
1170 2351 1202 2415 in
1229 2350 1338 2416 tuturo

197 2456 315 2522 iudicis
333 2456 494 2523 releuatus
514 2454 649 2538 spiritali
667 2456 768 2541 gloria
785 2455 1001 2522 honoraretur.
1020 2454 1102 2520 unde
1120 2455 1227 2521 nullus
1247 2472 1336 2520 sauo-

198 2565 303 2627 torum
326 2562 358 2626 in
382 2562 500 2628 mundo
529 2561 688 2647 gloriosus
718 2561 866 2646 apparuit
892 2579 994 2644 neque
1021 2563 1200 2644 praesentes
1227 2560 1339 2626 dilexit

199 2667 340 2733 delieiae.
354 2667 427 2733 hine
441 2669 620 2751 apostolus:
635 2668 844 2743 hebentes,
859 2665 973 2749 inquit,
987 2665 1143 2731 uietum
1156 2669 1196 2730 et
1213 2666 1337 2731 uesti-

198 2774 372 2837 mentum
395 2771 459 2838 his
483 2773 666 2839 conteuti
693 2772 830 2838 aimus.
853 2772 909 2837 sed
928 2771 1071 2854 queritur
1089 2770 1284 2838 Christianus
1303 2776 1338 2837 et

152 2876 295 2953 redolet,
319 2878 346 2943 si
371 2878 443 2961 quis
466 2878 540 2944 telis
568 2877 717 2944 uideatur
745 2878 778 2942 in
811 2877 950 2955 saeculo,
982 2895 1055 2943 oum
1088 2875 1337 2943 Christianorum

199 2980 338 3064 digniter
361 2983 395 3047 et
415 2980 553 3048 ielioites
575 3002 637 3049 non
659 2982 808 3047 interris
831 2981 987 3065 promissa
1009 2981 1062 3059 eit,
1085 2982 1195 3047 sedin
1223 2982 1336 3048 oaeliar

199 3104 261 3169 quo
288 3086 382 3153 modo
410 3105 485 3173 ergo
513 3086 728 3154 christianum
755 3107 790 3154 se
818 3087 907 3165 dioit,
934 3086 990 3170 qui
1017 3106 1077 3153 non
1109 3088 1175 3153 illio
1207 3087 1336 3173 gloriari

197 3197 281 3272 uult,
313 3194 370 3259 uhi
401 3192 594 3277 promissum
627 3198 687 3270 est,
720 3193 777 3260 sed
808 3193 872 3270 hio,
900 3192 956 3258 uhi
982 3187 1177 3276 prohibitum
1209 3191 1336 3258 estlsi

197 3301 280 3365 euim
302 3298 463 3382 expediret
484 3299 703 3382 praesentibus
726 3298 798 3376 frui,
822 3318 882 3365 neu
908 3299 1018 3382 utique
1040 3298 1118 3366 haee
1135 3302 1335 3365 contemnen-

148 3423 180 3469 ao
197 3406 284 3471 tihus
308 3405 459 3470 oaelestie
480 3406 749 3486 promitterentur.

241 3513 292 3576 51.
316 3509 386 3589 Qua
408 3509 506 3593 igitur
533 3527 590 3592 spe
617 3508 789 3576 Christiani
816 3511 1050 3576 mathematicis
1077 3528 1168 3575 aures
1196 3527 1334 3576 eommo-

197 3615 282 3692 dnnt‚
297 3634 372 3681 oum
386 3615 518 3679 audiant
530 3614 701 3680 Iohannem
715 3617 896 3698 apostolum
910 3616 1099 3681 clamantem
1114 3619 1147 3681 et
1160 3613 1330 3680 dicentem:

197 3720 330 3786 nolite
363 3719 541 3802 diligere
573 3720 676 3786 huno
708 3720 892 3785 mundum
924 3738 1052 3805 neque
1074 3738 1128 3797 ea,
1159 3737 1261 3803 quae
1292 3719 1331 3785 in

195 3825 340 3891 mundo
372 3826 498 3889 suntl.
519 3825 626 3908 itaque
654 3825 683 3890 ei
710 3824 788 3889 hese
815 3828 892 3891 eunt
918 3824 991 3889 lidei
1018 3824 1071 3890 uel
1097 3825 1179 3909 legis
1206 3828 1332 3891 nostras

146 3946 178 3994 ar
194 3934 369 4015 praecepte,
389 3948 428 3994 ne
447 3929 584 3996 mundus
603 3929 755 4014 diligatur
771 3949 874 4014 neque
892 3948 939 4008 ea,
959 3948 1039 4012 quae
1058 3929 1089 3995 in
1108 3930 1226 3997 mundo
1245 3934 1330 4006 sunt,

283 4132 318 4187 ru
336 4131 370 4187 er.
389 4130 418 4185 11
434 4132 502 4201 neg.
517 4133 547 4196 e,
565 4131 610 4188 uu
627 4132 707 4187 reu.
725 4132 769 4200 ιι,
787 4132 805 4187 e
848 4132 881 4187 re
899 4131 913 4186 1
931 4132 1000 4186 nun.
1013 4131 1071 4196 ee
1107 4133 1143 4189 as
1155 4131 1170 4189 1
1182 4133 1240 4193 non
1254 4135 1280 4204 2,
1296 4136 1330 4191 rs

231 4274 293 4328 liu
311 4288 364 4328 oss.
382 4273 410 4327 P
513 4272 646 4327 uindicari
668 4273 708 4338 (ln
725 4274 758 4328 ise
775 4277 844 4341 rea.)
862 4272 895 4326 N
977 4274 1093 4329 duieta
1109 4274 1146 4343 (i)
1164 4275 1192 4329 P
1207 4276 1332 4332 rieul!

192 4362 378 4416 terereitnnr
402 4358 491 4415 1³10
576 4363 645 4415 5et
666 4360 768 4418 oseti
850 4361 1060 4416 tluturumo
1145 4363 1273 4419 oelestarn
1294 4363 1332 4419 Π

194 4449 211 4502 7
230 4447 332 4502 homini
351 4447 379 4501 P
483 4448 618 4517 eligerent
633 4448 662 4502 P
682 4449 803 4518 elegerat
826 4449 906 4519 (eorr.
925 4449 1053 4519 eligeret)
1073 4448 1128 4505 GN
1145 4450 1260 4520 elegerit
1276 4450 1332 4506 ΡΒ

195 4535 227 4592 il
251 4535 389 4590 reueletur
410 4535 448 4588 dl
466 4537 569 4604 (eom),
593 4534 673 4610 QNX
761 4537 795 4590 1⁴
816 4552 910 4590 sumus
934 4535 1015 4591 ONX
1118 4539 1257 4608 quaeritur
1277 4539 1331 4594 ΟΧ

196 4624 228 4677 l'l
247 4638 312 4693 ergo
331 4638 382 4678 om.
400 4624 431 4677 N
481 4625 514 4678 lo
532 4622 676 4694 expederet
692 4623 724 4677 N
737 4628 837 4692 (eom),
855 4624 911 4679 FB
963 4624 1000 4680 20
1018 4625 1181 4681 eaalsstihus
1196 4625 1220 4681 0
1235 4629 1330 4696 (oon.)

193 4709 226 4765 21
247 4710 312 4782 qua]
331 4711 394 4780 qnia
411 4711 442 4765 X
506 4727 580 4781 spem
598 4714 691 4780 (corr.)
706 4711 746 4767 Π
759 4728 841 4782 saepe
857 4711 912 4767 θΔ
981 4713 1085 4783 xpi-aul
1102 4712 1139 4768 Π
1196 4730 1329 4770 oommen·

193 4797 262 4851 dant
278 4797 309 4850 X
377 4797 412 4851 22
430 4797 603 4853 clamantem
621 4797 659 4853 Μ
724 4798 761 4855 22
777 4799 835 4854 noli
852 4799 883 4854 X
955 4799 1076 4869 dilegers
1091 4799 1131 4855 Π
1198 4802 1327 4857 mnndum

192 4883 265 4940 hune
283 4883 339 4940 θΔ
412 4886 448 4940 24
466 4885 578 4956 mundo]
594 4885 646 4941 hoe
662 4885 763 4942 mundo
782 4886 837 4941 ΟΝ
851 4888 923 4942 hune
940 4887 1039 4943 mundo
1056 4886 1113 4942 PB
1199 4890 1328 4959 iisque-

192 4972 292 5027 mundo
310 4978 376 5027 sant
392 4988 435 5028 om
462 4973 491 5026 P
575 4974 652 5043 haee]
670 4974 722 5029 hoe
740 4974 770 5028 X
869 4975 905 5030 ao
923 4974 1060 5045 dilegatnr
1075 4979 1168 5047 (eom)
1184 4977 1219 5033 N
1297 4979 1326 5033 lu

191 5074 244 5117 asu.
262 5057 296 5112 N
362 5062 462 5116 mundo
480 5065 563 5129 (σοιν.
579 5062 674 5117 mundi
690 5079 726 5117 n.
743 5065 809 5130 rae.)
826 5062 859 5116 N
