3275 6434
466 1501 590 1565 116
1252 1493 1450 1551 Liber
1486 1495 1953 1566 quaestionum

463 1690 708 1758 scitis
772 1689 1000 1767 enim,
1066 1689 1293 1773 inquit,
1347 1688 1679 1768 fratres,
1746 1689 1939 1771 quia
1993 1707 2135 1772 per
2189 1688 2737 1774 ignorantiam

464 1796 863 1882 gessistis
935 1795 1081 1861 hoc
1153 1796 1466 1873 melum,
1541 1795 1768 1862 sicut
1831 1798 1911 1861 et
1970 1794 2384 1878 prinsipes
2447 1794 2735 1861 uestri.

464 1921 613 1990 ergo
676 1900 1055 1968 Iudaeorum
1119 1902 1295 1966 erent
1353 1901 1688 1984 principes,
1754 1920 1874 1968 non
1940 1904 2151 1966 temen
2215 1900 2409 1967 huius
2473 1899 2736 1967 saeculi.

461 2007 817 2092 ‘principes’
858 2006 1045 2083 enim,
1091 2006 1201 2084 ait,
1239 2007 1500 2084 ‘uestri’,
1538 2025 1659 2072 non
1695 2006 1957 2085 saeculi,
2003 2007 2235 2089 quippe
2282 2024 2427 2072 cum
2468 2006 2739 2072 dixerint

462 2131 674 2198 regern
705 2131 776 2178 se
802 2111 1032 2178 habere
1051 2110 1400 2190 Caesarem,
1429 2111 1548 2179 sub
1579 2112 1765 2179 cuius
1795 2113 2043 2177 suerent
2066 2110 2302 2177 redacti
2331 2114 2737 2193 potestatem.
2804 2129 2831 2170 s

465 2221 614 2284 sunt
656 2221 871 2284 nutem
917 2217 1027 2283 isti
1071 2217 1135 2284 hi
1182 2217 1515 2301 principes,
1564 2236 1725 2301 quos
1780 2216 1903 2283 alio
1959 2219 2099 2283 loco
2156 2217 2549 2302 significauit
2592 2236 2739 2300 apo·

465 2324 672 2389 stolus
746 2322 990 2389 dicens:
1056 2342 1201 2388 non
1277 2327 1401 2388 est
1463 2323 1695 2389 nobis
1762 2323 2274 2388 conluctatio
2339 2322 2740 2389 aduersus

467 2448 771 2495 carnem
837 2434 916 2494 et
979 2429 1474 2512 saiiguinem,
1529 2428 1671 2494 sed
1731 2429 2125 2495 aduersus
2182 2429 2605 2513 principes
2663 2434 2740 2493 et

468 2537 950 2618 potestates,
980 2534 1373 2600 aduersus
1402 2534 1631 2600 huius
1663 2533 1930 2599 mundi
1959 2535 2453 2600 tenebrarum
2482 2534 2738 2600 harum

469 2646 848 2706 rectores.
896 2644 1065 2705 recte
1103 2659 1250 2724 ergo
1288 2641 1624 2724 quaeritur.
1675 2640 1730 2704 si
1770 2639 1934 2705 enim
1983 2641 2092 2705 isti
2138 2658 2257 2706 non
2307 2644 2740 2724 cognouerunt
2777 2657 2826 2699 ιο

468 2745 702 2823 lesuin,
747 2764 872 2829 quo
921 2746 1106 2810 modo
1151 2749 1399 2828 poterat
1443 2745 1576 2811 fieri
1624 2751 1697 2811 ut
1734 2746 2059 2812 daemonia
2098 2749 2512 2831 agnoscerent
2551 2748 2740 2811 eum?

557 2853 616 2915 2.
655 2849 777 2916 Sed
824 2850 996 2916 aliud
1033 2854 1134 2916 est
1168 2850 1335 2934 quod
1372 2852 1750 2934 cognouisse
1788 2851 1850 2915 in
1890 2851 2141 2918 Christo
2178 2850 2514 2916 daemones
2562 2850 2739 2926 dicit,

469 2963 534 3023 et
577 2956 749 3022 aliud
799 2957 965 3040 quod
1011 2957 1202 3022 huius
1258 2957 1495 3023 saeculi
1549 2958 1861 3040 principes
1929 2961 2118 3041 neget
2180 2957 2540 3041 agnouisse.
2598 2975 2737 3020 nem

468 3063 794 3130 daemonis
857 3063 1142 3128 sciebant
1203 3063 1454 3146 quidem
1517 3064 1727 3148 ipsum
1786 3081 1945 3141 esse,
2011 3063 2121 3128 sed
2188 3064 2296 3144 qui
2359 3082 2471 3146 per
2531 3063 2738 3145 legem

468 3168 674 3234 fuerat
726 3169 1098 3252 promissus.
1165 3171 1374 3234 omnia
1437 3170 1600 3234 enim
1680 3169 1859 3254 signe
1930 3169 2232 3234 uidebant
2298 3169 2358 3233 in
2425 3186 2521 3235 eo.
2581 3185 2742 3250 quae
2780 3177 2833 3219 ¹⁵

468 3275 742 3340 dixerant
793 3275 1007 3339 futura
1052 3275 1348 3357 profetae,
1397 3281 1460 3339 et
1508 3274 1676 3358 quod
1725 3292 1795 3338 ex
1844 3274 2080 3339 semiue
2119 3274 2321 3338 Dauid
2370 3274 2449 3338 de
2493 3273 2742 3357 uirgine

465 3384 772 3446 uenturus
820 3385 990 3445 esset
1034 3381 1389 3462 redemptor
1424 3380 1690 3453 Israheh
1730 3381 2098 3463 mysterium
2135 3385 2349 3444 eutem
2387 3378 2744 3444 diuinitatis

468 3485 606 3552 eius
667 3486 1061 3569 ignorabant,
1125 3486 1294 3550 sicut
1356 3490 1421 3549 et
1483 3486 1795 3569 principes
1861 3504 2095 3551 eorum.
2152 3484 2420 3568 denique
2474 3486 2743 3567 quaerit.

469 3591 762 3673 quamuis
798 3590 1096 3674 captiose,
1136 3590 1421 3658 diabolus
1451 3609 1484 3655 a
1515 3592 1827 3657 saluatore
1865 3591 2109 3656 dicens:
2148 3590 2216 3655 si
2255 3595 2339 3655 tu
2378 3608 2459 3655 es
2496 3590 2530 3654 f
2541 3588 2744 3654 ilius

470 3695 591 3761 dei
654 3701 722 3762 et
775 3700 999 3761 cetere.
1056 3695 1278 3761 uidens
1333 3697 1497 3761 enim
1553 3688 2210 3779 aliquando'diuinam
2260 3696 2588 3766 uirtutem,
2636 3693 2748 3759 nli·
2785 3709 2839 3748 τ’·

469 3801 717 3886 quando
790 3801 1064 3868 hominis
1134 3801 1557 3868 infirmitatem
1633 3802 1997 3887 ambigens.
2034 3802 2183 3884 quid
2255 3820 2477 3867 uerum
2550 3803 2745 3864 esset.

471 3908 898 3991 torquebatur.
967 3908 1341 3974 concordant
1392 3909 1589 3993 igitur
1651 3907 1998 3991 scripturae
2052 3906 2399 3973 secundum
2456 3924 2532 3971 en
2584 3923 2747 3988 quse

469 4012 753 4078 reuelato
815 4015 983 4078 sunt.
1038 4013 1406 4095 inpossibile
1463 4019 1560 4080 eet
1604 4013 1770 4078 enim
1828 4012 2184 4078 discordare
2237 4011 2426 4078 unius
2481 4009 2746 4093 spiritus

472 4137 662 4186 utros.

654 4308 678 4361 1
720 4307 841 4362 Act.
880 4307 931 4375 8,
976 4307 1037 4361 l's'
1137 4309 1172 4362 4
1211 4306 1277 4362 cs.
1316 4307 1430 4364 1011.
1475 4309 1556 4372 19,
1598 4309 1663 4362 15
1761 4309 1790 4362 7
1830 4307 1970 4378 Eph.
2008 4308 2059 4374 6,
2102 4307 2165 4361 12
2285 4308 2347 4361 19
2377 4305 2572 4366 unuh.
2613 4307 2666 4372 4,
2697 4307 2746 4360 3.

472 4394 602 4450 Luc.
638 4397 691 4460 4,
729 4394 764 4446 3

299 4518 483 4588 defi?
547 4519 581 4574 3
618 4519 772 4590 ergo]
812 4523 926 4572 esto
963 4516 1037 4572 M
1190 4519 1225 4572 4
1263 4517 1514 4572 dixerunt
1549 4517 1610 4571 X
1770 4521 1803 4572 5
1841 4520 2167 4587 potestatem
2206 4521 2280 4584 (m
2318 4519 2460 4584 cap.)
2502 4514 2554 4570 G
2591 4520 2745 4585 pote·

473 4610 619 4662 stete
654 4609 709 4660 A
850 4605 884 4658 6
920 4605 999 4660 hii
1041 4604 1146 4659 CX
1279 4606 1313 4660 8
1351 4604 1606 4660 aduersus
1635 4633 1878 4659 ..........
1910 4602 1976 4656 N
2100 4605 2133 4657 9
2170 4601 2516 4657 tenebrarum
2555 4601 2745 4655 herum

476 4695 730 4765 rectores}
766 4698 1002 4749 rectores
1037 4693 1378 4749 tenebrarum
1415 4693 1601 4747 lterum
1642 4694 1866 4748 rectoris
1902 4693 2148 4759 (rectoris
2178 4691 2308 4745 add.
2338 4698 2536 4759 postea
2563 4695 2673 4756 ml)
2706 4691 2751 4744 C

477 4786 708 4838 rectores
742 4782 1081 4837 tenebrarum
1119 4782 1306 4837 hurum
1347 4781 1455 4838 ΕΑ
1565 4781 1631 4836 18
1668 4781 1987 4851 cognouisse
2028 4779 2194 4834 CNx
2223 4800 2240 4817 ·
2303 4780 2368 4835 16
2404 4776 2653 4833 dixerunt
2692 4779 2750 4832 Χ

478 4870 774 4940 prophetae
811 4868 990 4924 sutura
1025 4871 1209 4937 (corr.)
1245 4867 1310 4922 N
1409 4871 1475 4924 21
1516 4886 1636 4924 esse
1673 4868 1745 4922 M
1846 4867 1916 4924 23
1954 4867 2193 4939 reuelateg
2231 4870 2416 4935 (corr.)
2457 4867 2505 4920 C
