3275 6434
235 990 300 1052 420
502 985 671 1056 Appendir
691 988 925 1057 quaestionum
946 992 1008 1041 net.
1028 993 1103 1041 teat.

235 1179 291 1263 qui
305 1177 399 1244 deum
415 1196 521 1257 anum,
536 1197 630 1262 qnem
643 1177 882 1245 misericordem
901 1197 971 1245 esee
990 1179 1205 1263 pronuntiant,
1226 1179 1380 1247 effusione

235 1285 286 1352 sui
313 1285 478 1370 sanguinis
505 1285 674 1352 aestimant
700 1284 862 1351 delectari.
888 1283 967 1350 nihil
993 1284 1051 1351 deo
1080 1304 1187 1351 earum
1214 1285 1249 1352 in
1277 1287 1380 1366 nobie,

234 1389 314 1456 nihii
337 1393 388 1457 est
409 1389 569 1465 ediesnmr
592 1390 681 1456 nulla
697 1389 810 1457 mertia
830 1392 955 1456 nestrae
975 1389 1168 1467 condicione,
1187 1391 1280 1456 nulla
1297 1392 1379 1458 saui-

233 1495 311 1562 tatia
333 1495 516 1580 integritate
537 1494 675 1594 laetatur
701 1515 759 1562 nee
783 1495 860 1580 quid
883 1494 939 1562 uiri
961 1500 1091 1580 geratur
1107 1496 1187 1563 seire
1207 1495 1379 1575 desiderat,

234 1618 295 1666 neu
319 1600 404 1684 qnod
426 1600 612 1686 inpossibile
636 1601 680 1667 sit
702 1600 829 1667 diuinae
852 1600 1013 1667 maiestati
1037 1601 1177 1667 emnium
1201 1601 1269 1668 iere
1297 1621 1379 1686 quae
1405 1623 1416 1661 .·.

234 1709 326 1791 gesta
348 1708 423 1773 eunt
444 1705 498 1772 nel
519 1709 671 1792 geruntur
691 1705 808 1773 habere
831 1706 989 1786 notitiam,
1013 1707 1069 1772 aed
1094 1707 1178 1790 quod
1196 1707 1281 1774 scire
1299 1709 1382 1775 nolit

234 1811 381 1877 miserias
395 1810 558 1878 hominum
574 1811 794 1897 uanitatesque
807 1811 991 1878 mundanas.
1006 1812 1054 1878 sie
1068 1811 1202 1895 denique
1223 1813 1379 1897 seriptum

234 1920 296 1984 ent:
321 1917 473 1984 uanitas
498 1919 764 1998 uanitantiunr,
787 1917 970 1984 uniuersa
992 1919 1164 1984 uanitasss

280 2024 310 2087 3.
334 2020 477 2101 Quorum
505 2024 663 2089 sententia
685 2022 904 2108 desperatione
931 2023 1055 2089 firmate
1081 2027 1118 2089 ut
1142 2023 1244 2089 diuini
1266 2043 1379 2091 senem

234 2128 425 2195 anctoritate
443 2127 639 2210 dissoluitur,
663 2129 710 2194 eie
733 2129 875 2214 ipsorum
895 2148 983 2196 saaro
1004 2148 1147 2196 sermone
1166 2128 1307 2215 uulgari,
1326 2131 1418 2215 quir-1

235 2233 392 2300 maximus
411 2233 546 2300 habetur
563 2234 595 2299 in
614 2252 686 2314 nau,
706 2233 906 2300 eonuiueitur
923 2238 1195 2319 expugnaturam
1211 2253 1285 2301 eum
1301 2235 1382 2302 inter

235 2340 364 2425 negotia
387 2339 649 2425 diuersarumque
667 2343 847 2407 contractus
866 2339 944 2406 fides
962 2340 1154 2425 perfidiaque
1173 2341 1379 2408 centendunt.

236 2449 273 2511 ut
287 2447 381 2512 testis
401 2445 551 2512 diuinitas
570 2445 747 2526 adhibetur,
766 2466 847 2531 quae
866 2445 1032 2529 aliquando
1052 2445 1128 2529 quid
1146 2465 1282 2532 agamus
1300 2447 1380 2514 seire

234 2556 377 2636 negatur.
396 2551 499 2618 ‘testis
522 2553 592 2631 eet',
610 2551 767 2635 inquiunt,
791 2551 895 2617 ‘deust
914 2551 992 2618 deus
1012 2550 1130 2626 uideat,
1150 2552 1231 2618 deus
1248 2552 1379 2632 indieet,

235 2656 313 2723 deus
335 2657 442 2735 faeiat,
466 2656 544 2724 deus
563 2650 695 2723 reddat?
714 2661 747 2723 et
765 2676 837 2723 euru
858 2658 897 2723 ad
916 2657 1139 2724 necessitatem
1157 2657 1237 2724 iuris
1255 2659 1378 2725 iurandi
1394 2679 1414 2721 n

235 2762 364 2829 uenitnr
392 2767 425 2828 et
451 2763 585 2830 iurantis
613 2763 736 2829 animus
765 2763 891 2843 metuit,
919 2783 957 2829 ue
986 2763 1047 2830 sibi
1075 2763 1196 2848 aliquid
1230 2765 1379 2832 obueniat

233 2868 399 2953 peieranti,
427 2873 460 2935 et
481 2868 701 2935 iusiurandum
725 2869 833 2954 exigit,
860 2869 949 2935 reddi
973 2871 1002 2936 ei
1030 2888 1125 2954 posse
1153 2868 1297 2950 confidit,
1325 2872 1376 2955 qni

237 2972 299 3038 sibi
323 2973 405 3039 male
433 2973 554 3038 iurarit.
583 2978 616 3039 et
643 2993 716 3041 enm
745 2974 865 3040 sanitas
893 2977 1039 3058 exoptata
1067 2978 1099 3039 et
1124 2974 1208 3040 bona
1235 2976 1377 3042 ualitudo

236 3079 334 3144 fuerit
356 3083 536 3157 consecuta,
565 3079 725 3145 diuinitati
754 3080 874 3165 gratiae
901 3080 1091 3158 referuntu13
1117 3084 1149 3146 et
1176 3099 1250 3146 eum
1273 3080 1377 3164 aliqua

236 3183 400 3250 decidente
423 3186 556 3251 materia
577 3205 652 3252 easu
671 3187 831 3269 proximus
851 3185 989 3251 inlaesus
1009 3186 1158 3262 euaserit,
1177 3185 1257 3252 dens
1275 3186 1375 3253 bonus
1390 3214 1411 3250 n

235 3288 354 3356 dieitur
379 3291 591 3373 praestitiss03
615 3296 647 3357 et
669 3311 742 3358 enm
769 3292 903 3357 aduerso
932 3294 1099 3357 uentorum
1121 3290 1199 3357 datu
1228 3293 1376 3358 commoti

235 3394 383 3478 aequoria
406 3396 523 3463 fluetus
546 3398 715 3482 insurgunt
743 3403 776 3462 et
803 3398 895 3463 nauis
920 3397 1059 3480 undique
1082 3415 1175 3463 eaesa
1196 3407 1375 3480 quassetur,

235 3501 457 3585 nauigantium
472 3503 583 3568 turbae
597 3502 636 3568 ad
650 3503 774 3569 eaelum
794 3522 906 3568 manus
925 3501 1106 3580 extendunt,
1125 3502 1221 3568 deum
1241 3503 1375 3588 supplici

236 3625 316 3672 uoee
344 3606 552 3690 deprecentur
580 3614 613 3675 et
640 3608 779 3674 exaudiri
808 3628 842 3674 se
870 3613 903 3673 et
929 3607 1056 3673 liberari
1083 3627 1177 3692 posse
1205 3609 1375 3675 confidunt

237 3711 320 3778 unde
333 3712 422 3791 haee,
437 3715 465 3780 ei
482 3714 540 3780 den
556 3715 644 3780 nulla
657 3716 757 3781 nostri
772 3718 823 3781 est
841 3733 916 3780 eura
934 3719 967 3779 et
985 3715 1069 3798 qued
1087 3716 1213 3798 agimur
1232 3716 1375 3799 ignerat?
1390 3731 1412 3774 a

281 3818 311 3882 t.
329 3817 434 3885 Inauis
457 3825 507 3886 est
527 3821 626 3905 igitur
648 3822 711 3886 ista
732 3820 910 3904 persuasio:
935 3822 1040 3887 omnia
1063 3819 1121 3886 dee
1145 3824 1221 3887 aunt
1240 3821 1374 3907 cognita

235 3922 343 3989 nullus
353 3924 414 3990 eibi
425 3925 462 3992 de
472 3926 647 4008 inpunitate
656 3926 899 3993 commissorum
911 3926 1065 3992 seeleruru
1080 3925 1268 3992 blandiatur.
1278 3926 1376 3992 bonae

235 4028 321 4095 uitae
344 4031 500 4097 maximus
524 4032 646 4098 iruetns
669 4036 730 4111 est,
753 4033 856 4098 malae
875 4035 1027 4116 perpetua
1046 4051 1145 4117 paena
1163 4036 1373 4116 aeternusque

233 4136 405 4202 eruciatus.
426 4136 526 4223 igitur
549 4137 649 4215 uobis,
677 4138 732 4220 qui
759 4136 854 4202 deum
882 4137 962 4201 seire
990 4137 1094 4203 omnia
1121 4136 1293 4217 eredimus,
1324 4137 1374 4221 qni

234 4239 351 4308 denote
382 4243 422 4308 ad
449 4243 635 4328 martyrium
661 4242 861 4321 festinamus,
888 4242 1129 4308 inaestimabilis
1157 4242 1282 4308 fruetus
1311 4263 1375 4327 per·
1390 4262 1413 4304 a·

325 4398 342 4452 8
360 4398 449 4454 Eccle.
470 4400 493 4462 l,
513 4401 530 4453 2

271 4501 358 4556 2den
377 4502 410 4556 K
425 4502 454 4556 id
474 4503 503 4557 D
521 4503 563 4557 illi
578 4520 597 4557 a
632 4503 791 4559 :indiarum
810 4509 838 4570 (n
857 4506 886 4557 iu
906 4507 974 4575 raa.)
989 4504 1018 4559 D
1054 4505 1228 4559 tmaieatati
1247 4506 1341 4577 diuinp
1359 4525 1374 4555 a

234 4589 424 4645 duanitatnru
444 4608 463 4645 a
506 4590 627 4646 antuini
646 4594 752 4662 aeneus]
773 4590 817 4646 dei
837 4594 925 4646 iurans
940 4611 958 4645 n
1001 4594 1032 4647 17
1053 4599 1081 4648 et
1099 4599 1164 4648 nate
1181 4592 1259 4648 reddi
1279 4593 1344 4648 add.
1359 4613 1375 4646 n

236 4678 270 4733 18
289 4677 384 4732 iurarit
398 4679 497 4748 aoeipei
509 4681 610 4734 inraret
629 4683 709 4744 (cerr.
725 4680 839 4745 iurauit)
854 4679 883 4734 D
897 4680 1026 4734 iurauerit
1039 4679 1072 4734 Κ
1083 4681 1184 4735 iurauit
1198 4697 1217 4734 a
1253 4682 1289 4736 20
1303 4683 1374 4748 casu}

234 4764 332 4819 annisa
346 4765 377 4819 K
427 4767 462 4820 28
481 4782 547 4822 nece
565 4766 680 4838 supplici
699 4785 717 4821 a
771 4768 806 4822 25
827 4773 855 4821 et
874 4767 945 4838 qaod
964 4769 1081 4837 agimus]
1101 4769 1124 4821 si
1144 4767 1209 4837 qnid
1229 4785 1341 4839 agamus
1359 4787 1374 4818 n

233 4852 271 4907 28
291 4856 319 4906 et
337 4854 441 4908 aeterni
461 4870 480 4907 a
534 4854 567 4909 29
586 4855 676 4910 omnia
694 4872 772 4910 nosse
791 4873 810 4909 a
