3275 6434
459 1458 586 1521 154
1254 1452 1450 1508 Liber
1486 1453 1951 1524 quaestionum

454 1650 567 1714 aut
609 1647 714 1714 cui
759 1647 1033 1730 apostoli
1079 1646 1409 1713 audientes
1458 1666 1494 1713 a
1541 1646 1826 1713 domino:
1867 1664 2040 1712 ecce
2076 1646 2351 1712 iterum
2387 1646 2739 1731 relinquo

455 1754 804 1820 mundum
851 1757 928 1820 et
971 1753 1163 1820 uado
1210 1751 1297 1818 ad
1343 1757 1631 1837 patrem
1678 1752 2139 1836 responderunt
2183 1753 2267 1818 ei:
2326 1771 2503 1819 ecce
2545 1770 2738 1819 nunc

454 1859 699 1943 palam
736 1860 1087 1944 loqueris
1125 1862 1200 1925 et
1233 1859 1726 1942 prouerbium
1772 1858 2059 1924 nullum
2108 1857 2331 1933 dicim
2370 1877 2568 1924 nunc
2605 1859 2736 1925 sci·

463 1985 626 2033 mus
657 1967 1012 2050 quoniam
1051 1965 1256 2032 nosti
1295 1965 1558 2042 omnia,
1598 1968 1671 2031 et
1707 1983 1847 2031 non
1886 1983 2073 2049 opus
2113 1963 2411 2030 esttibi
2450 1967 2533 2029 nt
2568 1963 2738 2048 qnia

454 2077 528 2137 te
572 2071 1025 2156 interroget3
1074 2072 1148 2137 in
1195 2071 1334 2137 hoc
1380 2069 1781 2148 credimus,
1830 2070 2178 2154 quoniam
2225 2089 2266 2136 a
2297 2068 2435 2135 deo
2483 2069 2736 2137 existi.

543 2179 601 2243 4.
646 2177 830 2244 Nunc
894 2176 1228 2244 uideamus
1294 2176 1352 2243 si
1414 2174 1492 2241 de
1555 2176 1905 2242 uirtutibus
1968 2175 2365 2260 ambigerent
2413 2174 2739 2259 discipuli,

454 2287 670 2350 utram
730 2301 803 2349 ex
867 2281 985 2348 deo
1051 2285 1287 2360 essent,
1353 2299 1499 2347 cum
1555 2281 1846 2347 uiderent
1905 2281 2209 2348 Lazarum
2272 2282 2401 2348 iam
2467 2281 2740 2348 fetidum

454 2392 678 2472 quarta
722 2387 824 2454 die
869 2387 1344 2467 resuscitatum,
1393 2405 1580 2453 caeco
1619 2407 1658 2452 a
1694 2386 2029 2452 natiuitate
2075 2389 2294 2453 oculos
2339 2388 2738 2454 reformatos.

451 2497 628 2561 tactu
673 2493 960 2560 fimbriae
1005 2493 1334 2559 mulierem
1373 2512 1411 2557 a
1444 2491 1760 2576 profluuio
1806 2493 2159 2567 liberatam,
2208 2509 2410 2576 aquae
2445 2496 2739 2558 naturam

453 2601 830 2666 inmutatam
868 2600 935 2665 in
971 2597 1215 2678 uinum,
1262 2617 1338 2664 an
1386 2597 1462 2664 de
1500 2617 1768 2682 persona
1815 2597 2070 2664 domini.
2115 2616 2298 2663 nemo
2334 2598 2521 2681 plane
2560 2597 2739 2664 dubi-

453 2705 620 2770 tauit
656 2703 734 2770 de
762 2704 1134 2781 uirtutibus,
1174 2704 1409 2787 quippe
1447 2721 1590 2769 cum
1630 2703 1909 2768 dicerent
1943 2703 2126 2768 illum
2156 2702 2266 2767 alii
2294 2720 2436 2768 esse
2461 2702 2739 2775 Heliam,

454 2810 565 2876 alii
591 2809 978 2876 Hieremiam
1018 2812 1131 2874 aut
1167 2828 1362 2874 unum
1403 2827 1475 2875 ex
1510 2808 1795 2892 profetis.
1834 2827 1977 2873 nam
2006 2827 2152 2874 cnm
2182 2807 2461 2892 lapidare
2498 2807 2739 2872 uellent

454 2915 638 2981 illum
668 2914 904 2980 Iudaei.
934 2912 1264 2996 respondit
1291 2914 1383 2980 eis
1421 2914 1634 2980 Iesus:
1673 2915 1914 2980 multa
1951 2932 2176 2998 opera
2209 2914 2400 2979 bona
2436 2912 2738 2980 ostendi

457 3020 677 3086 uobis
727 3040 765 3085 a
807 3022 1019 3104 patre
1064 3039 1259 3095 meo;
1315 3025 1621 3104 propter
1668 3018 1865 3103 quod
1912 3037 2161 3085 eorum
2219 3037 2404 3103 opus
2451 3018 2739 3102 lapida-

455 3126 562 3190 tis
634 3127 788 3190 me?
863 3123 1155 3190 dixerunt
1225 3124 1286 3190 ei
1357 3122 1605 3190 Iudaei:
1681 3142 1811 3189 nos
1886 3122 1973 3188 de
2046 3123 2235 3190 bono
2310 3140 2530 3207 opere
2598 3142 2738 3191 non

454 3230 885 3314 lapidamus
932 3235 1028 3308 te,
1077 3231 1209 3296 sed
1252 3232 1569 3314 propter
1622 3229 2121 3306 blasfemiam,
2171 3230 2364 3311 quia,
2412 3247 2576 3294 cum
2634 3229 2739 3296 sia

455 3339 690 3416 homo,
774 3337 964 3403 facis
1038 3340 1109 3401 te
1183 3334 1413 3402 deum.
1487 3336 1541 3400 si
1597 3336 1798 3420 igitur
1866 3333 2085 3399 Iudaei
2151 3332 2322 3417 quod
2387 3333 2486 3399 dei
2554 3352 2739 3418 opera

455 3445 669 3510 essent
713 3461 833 3509 non
880 3441 1310 3527 ambigebant,
1357 3440 1631 3524 apostoli
1678 3439 2125 3525 ambigebant?

544 3552 604 3614 5.
650 3549 963 3631 Quoniam
1011 3566 1159 3632 ergo
1199 3547 1404 3612 omnis
1452 3546 1764 3612 dubitatio
1812 3544 1890 3611 de
1929 3544 2266 3611 saluatoris
2303 3562 2572 3629 persona
2607 3546 2739 3609 erat

455 3690 540 3705 —
577 3674 679 3721 res
717 3655 883 3720 enim
924 3652 1210 3718 inaudita
1255 3657 1322 3717 et
1366 3670 1526 3734 quae
1573 3653 1638 3717 in
1687 3670 1943 3717 sensum
1982 3652 2330 3717 humanum
2364 3668 2488 3716 non
2527 3652 2741 3716 ruerat

456 3766 779 3845 stuporem
826 3758 1191 3825 hominibus
1238 3756 1530 3832 faciebat,
1587 3776 1731 3823 cum
1787 3757 2128 3823 audiebant
2181 3756 2497 3822 dicentem
2558 3755 2739 3823 illum

457 3885 526 3933 se
567 3884 605 3931 a
649 3864 765 3931 deo
804 3864 1007 3930 exisse
1046 3867 1112 3929 et
1146 3862 1468 3946 proprium
1508 3863 1633 3929 sibi
1669 3867 1913 3947 patrem
1952 3881 2093 3928 esse
2131 3863 2319 3927 deum
2356 3896 2467 3937 —,
2507 3860 2739 3927 idcirco

458 3970 755 4054 discipuli
802 3970 959 4036 eatis
1007 3969 1132 4034 sibi
1166 3968 1407 4034 factum
1446 3968 1819 4034 confitentes
1855 3967 2363 4034 manifestatione
2402 3966 2740 4033 uerborum

458 4076 696 4142 domini
763 4075 1056 4141 dixerunt
1119 4072 1198 4139 ad
1263 4093 1439 4141 eum:
1503 4094 1694 4141 nunc
1774 4075 2057 4140 scimus
2125 4074 2469 4158 quoniam
2538 4072 2739 4138 nosti

459 4182 725 4261 omnia,
772 4184 847 4246 et
892 4199 1029 4246 non
1079 4199 1267 4264 opus
1314 4186 1431 4247 est
1475 4184 1558 4246 nt
1625 4179 1796 4264 quis
1852 4182 1925 4245 te
1981 4179 2429 4264 interrogem
2478 4179 2548 4243 in
2605 4178 2739 4243 hoc

638 4407 663 4461 1
707 4405 819 4460 Iob.
862 4405 947 4473 16,
985 4405 1054 4459 28
1164 4404 1197 4457 2
1235 4404 1346 4458 loh.
1392 4404 1474 4466 16,
1511 4404 1600 4458 29.
1637 4403 1708 4458 30
1826 4405 1858 4458 7
1898 4404 1965 4459 cf.
2003 4402 2121 4457 lob.
2163 4405 2245 4469 11,
2282 4402 2370 4459 39.
2407 4404 2479 4456 44
2600 4403 2634 4455 8
2674 4401 2739 4456 ef.

458 4495 573 4549 Iob.
611 4496 663 4564 9,
707 4495 840 4548 1—7
1007 4495 1040 4548 9
1080 4492 1147 4548 cf.
1184 4491 1381 4547 Matth.
1420 4493 1471 4558 9,
1509 4493 1739 4548 20—22.
1780 4492 1908 4546 Luc.
1945 4494 1999 4560 8,
2034 4494 2105 4546 44
2253 4491 2319 4546 10
2356 4490 2425 4545 cf.
2462 4489 2581 4545 1011.
2620 4491 2673 4556 2,
2708 4490 2739 4544 9

464 4585 526 4637 12
566 4582 636 4639 cf.
675 4582 871 4637 Mattb.
917 4582 998 4646 16,
1040 4582 1107 4636 14
1244 4581 1311 4634 13
1347 4579 1464 4634 Ioh.
1508 4581 1590 4647 10,
1629 4581 1700 4634 32
1829 4582 1895 4634 15
1934 4580 2051 4638 ΙοΙι.
2092 4582 2178 4647 10,
2215 4580 2286 4635 33
2411 4579 2481 4634 22
2521 4577 2587 4633 cf.
2628 4577 2739 4635 Iob.

464 4672 548 4736 16,
584 4671 651 4725 27
694 4675 753 4725 et
787 4669 904 4724 Iob.
944 4672 995 4738 5,
1039 4670 1105 4724 18
1212 4668 1280 4723 24
1318 4668 1431 4722 Iob.
1475 4669 1557 4730 16,
1597 4670 1667 4723 30

288 4801 391 4868 elo-s.
417 4800 470 4853 P
538 4797 571 4849 2
611 4796 662 4848 ei
701 4795 1065 4863 ,theu-recht
1103 4795 1244 4849 enim
1281 4793 1434 4849 codd.
1614 4795 1648 4847 5
1688 4794 1966 4863 quoniam]
2008 4794 2135 4862 quia
2177 4793 2282 4848 GA
2463 4792 2495 4844 7
2535 4791 2739 4859 essent]

463 4884 700 4937 exissent
735 4882 797 4936 N
1045 4880 1312 4950 uiderent]
1350 4880 1620 4936 uidissent
1654 4880 1723 4936 N
1929 4881 2157 4953 fetidum
2197 4880 2271 4934 M
2300 4879 2601 4950 f(a)etitum
2642 4879 2739 4934 m·

462 4970 495 5025 8
533 4968 852 5026 reformatos
889 4974 938 5039 (s
975 4970 1037 5025 in
1069 4972 1208 5040 ras.)
1245 4968 1318 5024 M
1419 4970 1453 5023 9
1488 4969 1666 5039 tactu]
1704 4969 1958 5040 tetigisse
1994 4968 2061 5023 N
2164 4971 2232 5025 10
2267 4969 2654 5023 commotatam
2686 4965 2739 5021 N

461 5057 536 5128 in]
575 5074 607 5112 a
643 5056 754 5112 FB
966 5057 1128 5128 plana
1168 5057 1216 5111 0
1356 5058 1415 5111 11
1457 5056 1641 5112 belian
1685 5056 1734 5112 C
1873 5057 1939 5112 13
1976 5056 2120 5111 bona
2156 5072 2322 5127 opera
2360 5055 2420 5108 X
2562 5054 2630 5109 15,
2669 5055 2739 5124 eil

461 5150 519 5201 et
556 5146 724 5201 CNX
854 5146 921 5201 16
956 5150 1014 5200 te
1049 5143 1353 5217 lapidamus
1390 5144 1456 5200 Ν
1627 5150 1684 5200 et
1724 5153 1856 5200 avete
1890 5146 2015 5216 quia
2054 5145 2184 5200 add.
2228 5143 2389 5199 CNx
2525 5143 2593 5198 18
2631 5158 2739 5197 am-

459 5233 724 5304 bigebant
751 5234 864 5304 pru]
904 5233 1258 5303 ambigebant
1297 5232 1401 5288 CF
1491 5235 1561 5289 20
1597 5238 1781 5291 rueret
1821 5235 1869 5289 C
1963 5234 2026 5290 21
2069 5232 2345 5289 faciebant
2374 5232 2422 5286 C
2516 5231 2587 5286 28
2626 5246 2739 5286 esse

463 5330 592 5377 avete
629 5322 827 5377 factum
867 5323 998 5377 add.
1039 5323 1104 5376 N
1238 5321 1730 5380 manifestationem
1773 5325 1821 5379 0
1924 5326 1992 5380 25
2032 5323 2133 5392 est]
2174 5327 2258 5377 est
2291 5320 2396 5376 tibi
2436 5321 2498 5375 X
