3275 6434
1706 816 1946 1052 .

3047 1134 3048 1142 1

632 1590 757 1653 102
1464 1589 1667 1645 Liber
1701 1591 2162 1660 quaestionum

629 1779 801 1847 filins
872 1798 1014 1846 esse
1086 1778 1266 1847 Iosef
1329 1785 1396 1846 et
1455 1780 1624 1859 Heli,
1689 1799 1883 1865 snper
1933 1781 2137 1847 Adam
2192 1789 2403 1850 antem
2457 1783 2909 1851 transcendens

629 1885 988 1971 adsignat-et
1022 1889 1169 1952 ante
1212 1904 1462 1952 omnem
1508 1905 1755 1952 carnem
1804 1885 2128 1954 Christum
2173 1887 2376 1954 filium
2420 1907 2564 1957 esse
2607 1889 2729 1958 dei.

719 1992 779 2060 2.
813 1988 984 2057 Illud
1020 1995 1257 2071 antem,
1293 1992 1466 2075 qnod
1501 1990 1883 2075 quibusdam
1924 1990 2199 2072 uidetur,
2234 1993 2385 2076 quia
2409 1993 2557 2062 Heli
2592 1995 2911 2078 acceperit

631 2115 884 2165 uxorem
930 2095 1143 2177 Iacob,
1199 2115 1326 2180 qno
1381 2096 1568 2165 modo
1628 2097 1727 2162 lex
1782 2098 2131 2177 mandauit,
2174 2103 2268 2174 nt,
2314 2099 2372 2164 si
2417 2099 2561 2184 quis
2613 2106 2911 2167 mortuus

629 2203 863 2270 fuisset
922 2203 1060 2270 sine
1128 2201 1303 2282 filiis,
1385 2204 1705 2287 acciperet
1768 2201 1964 2270 frater
2024 2208 2136 2269 ant
2196 2203 2584 2289 propinquus
2651 2223 2907 2272 uxorem
2968 2217 2997 2261 ὁ

630 2309 770 2375 eins
816 2311 884 2374 et
922 2308 1336 2375 resuscitaret
1380 2327 1595 2375 semen
1643 2308 1854 2375 fratris
1902 2309 2025 2385 sui,
2082 2313 2149 2374 et
2192 2309 2280 2375 ita
2324 2310 2584 2388 factum,
2637 2315 2714 2376 nt
2758 2310 2912 2380 Heli

629 2417 998 2498 generasset
1059 2412 1242 2480 Iosef
1294 2411 1507 2493 Iacob,
1574 2415 1757 2480 cuins
1804 2433 2056 2480 uxorem
2106 2420 2455 2498 acceperat,
2508 2422 2574 2482 et
2624 2435 2739 2501 per
2788 2418 2910 2483 hoc

630 2518 810 2604 iungi
872 2520 1360 2605 generationem,
1428 2526 1501 2586 nt
1564 2538 1689 2585 non
1761 2520 2054 2587 inmerito
2128 2519 2308 2588 Iosef
2367 2524 2609 2606 patrem
2682 2521 2912 2588 habere

626 2623 778 2691 Heli
817 2625 1083 2706 dicatur,
1139 2625 1261 2692 hoc
1295 2645 1412 2692 nec
1447 2625 1777 2710 probabile
1814 2629 1914 2691 est
1960 2630 2027 2692 et
2070 2625 2150 2692 ad
2198 2626 2437 2692 nullam
2472 2645 2605 2691 rem
2640 2625 2912 2710 proficit.

721 2731 783 2796 3.
811 2729 982 2797 Illud
1019 2737 1254 2812 antem,
1293 2731 1463 2816 qnod
1498 2749 1691 2817 supra
1727 2730 1972 2798 dictum
2007 2736 2127 2811 est,
2156 2737 2222 2797 et
2250 2727 2407 2820 [per]
2437 2731 2903 2817 generationem
2942 2743 2994 2786 ω

630 2837 840 2922 iungit
908 2855 1020 2921 per
1091 2836 1252 2902 duos
1324 2835 1548 2903 fratres
1623 2835 1792 2902 filios
1868 2835 2054 2903 unius
2119 2841 2184 2903 et
2246 2835 2569 2902 Christum
2632 2835 2911 2902 ostendit

630 2940 835 3007 filium
890 2940 990 3006 dei
1046 2960 1184 3008 esse
1238 2946 1386 3007 ante
1439 2959 1689 3007 omnem
1745 2941 2233 3025 generationem.
2287 2941 2682 3027 euangelista
2744 2941 2909 3006 enim

634 3065 779 3113 cum
842 3047 1032 3112 refert
1094 3046 1341 3114 dicens:
1396 3052 1474 3113 et
1527 3047 1699 3130 ipse
1754 3044 1991 3112 Iesus
2049 3050 2225 3112 erat
2282 3045 2693 3130 incipiens
2749 3045 2911 3111 fere

634 3170 1010 3218 annorum
1076 3151 1442 3237 triginta,
1517 3151 1765 3218 filius
1840 3151 2066 3218 sicut
2139 3152 2602 3235 putabatur
2664 3149 2909 3218 Iosef.

633 3258 771 3340 qui
832 3258 995 3323 fuit
1055 3256 1238 3323 Heli
1336 3256 1401 3323 id
1460 3261 1579 3330 est,
1636 3256 1820 3323 Iesus
1875 3257 2048 3324 filius
2103 3258 2549 3324 aestimabatui
2612 3255 2791 3324 Iosef
2845 3267 2909 3321 et
2946 3272 3001 3314 ιε»

632 3382 756 3440 non
820 3363 1028 3430 solum
1092 3360 1274 3429 Iosef
1342 3368 1479 3428 erat
1534 3362 1728 3440 iilius,
1788 3363 1901 3429 sed
1974 3367 2041 3428 et
2098 3361 2267 3428 Heli.
2343 3358 2466 3428 non
2528 3362 2680 3445 quia
2741 3360 2923 3428 Iosef

631 3469 838 3536 fllium
900 3468 1061 3535 dicit
1117 3469 1289 3548 Heli,
1360 3469 1477 3536 sed
1529 3468 1752 3535 eodem
1828 3489 2074 3554 genere,
2137 3487 2263 3551 qno
2327 3466 2506 3534 Iosef
2568 3467 2919 3534 uocabatur

633 3574 808 3641 filins
853 3592 995 3641 esse
1038 3573 1245 3651 Iesus,
1290 3575 1382 3641 ita
1426 3580 1562 3641 erat
1605 3575 1795 3639 ctiam
1845 3573 2017 3644 filius
2063 3572 2232 3650 Heli,
2281 3578 2534 3657 propter
2577 3572 2749 3656 quod
2793 3571 2915 3663 fra-

630 3684 805 3747 trum
859 3679 976 3746 filii
1039 3686 1214 3747 erant
1273 3678 1454 3747 Iosef
1509 3686 1573 3746 et
1626 3680 1798 3756 Heli,
1856 3678 1922 3744 id
1976 3687 2077 3745 est
2130 3677 2488 3745 Solomonis
2542 3682 2610 3744 et
2660 3676 2914 3743 Nathan

631 3785 908 3853 filiorum
945 3785 1172 3864 Dauid,
1209 3791 1284 3851 ut
1319 3804 1428 3868 per
1462 3784 1670 3851 Dauid
1716 3784 2061 3851 ascendens
2106 3783 2186 3850 ad
2219 3783 2536 3850 Abraham
2574 3788 2639 3849 et
2673 3782 2816 3848 Noe
2852 3793 2913 3846 et
2952 3795 3008 3840 ιο

635 3892 789 3959 Seth
855 3895 922 3957 et
982 3889 1062 3956 ad
1122 3893 1335 3974 ipsum
1378 3890 1584 3957 Adam
1651 3897 1717 3957 et
1782 3908 1973 3975 super
2016 3891 2217 3956 Adam
2266 3890 2489 3955 doceat
2552 3907 2695 3954 esse
2740 3886 2918 3954 Chri·

636 4000 808 4063 stum
861 3995 1065 4062 filium
1112 3996 1231 4063 dei.
1297 4016 1443 4062 cnm
1489 3996 1654 4062 enim
1714 3996 1899 4061 dicit:
1964 3997 2100 4079 qni
2167 3996 2331 4061 fuit
2393 3993 2634 4060 filius
2699 3991 2917 4060 Seth.

636 4103 773 4186 qui
837 4102 1001 4168 fnit
1053 4102 1293 4168 filius
1347 4102 1585 4179 Adae,
1652 4102 1788 4184 qui
1853 4103 2017 4167 fuit
2080 4100 2318 4166 filins
2383 4100 2535 4178 dei,
2589 4097 2917 4166 Christum

641 4208 858 4290 ntique
909 4208 1004 4274 ita
1047 4207 1205 4273 dicit
1245 4208 1419 4274 Adae
1473 4207 1700 4284 filium,
1756 4208 1926 4274 sicut
1980 4207 2305 4272 dicebatur
2359 4205 2528 4271 filins
2583 4202 2774 4270 Iosei'.
2829 4204 2918 4267 ait

638 4313 805 4379 enim
865 4313 1068 4379 Maria
1138 4312 1218 4379 ad
1281 4311 1526 4379 Iesum:
1604 4312 1758 4390 fili,
1833 4311 2026 4396 quid
2098 4310 2386 4378 fecisti
2460 4309 2742 4375 nobis?
2817 4321 2918 4371 et·
2952 4328 3005 4372 a

639 4419 845 4484 enim
890 4437 1034 4505 ego
1079 4423 1161 4484 et
1202 4423 1433 4501 pater
1478 4425 1670 4485 tuus
1717 4418 2014 4484 maesti
2059 4421 2139 4482 et
2185 4417 2474 4481 tristes
2520 4414 2917 4480 ambulan-

819 4625 854 4677 4
891 4625 960 4676 cr.
995 4622 1156 4678 Dent.
1199 4624 1285 4686 ἐῢ,
1325 4625 1357 4675 5
1473 4626 1536 4676 13
1573 4622 1700 4677 Luc.
1738 4625 1790 4677 3.
1828 4623 1898 4677 23
2008 4623 2077 4676 22
2115 4621 2241 4678 Luc.
2271 4625 2322 4690 3,
2350 4622 2419 4675 38
2517 4621 2586 4674 2-5
2615 4620 2743 4675 Luc.
2770 4620 2820 4685 2,
2849 4622 2914 4672 4-

463 4745 647 4814 affl?
718 4749 745 4802 1
783 4746 925 4801 filios
964 4746 1013 4800 G
1114 4746 1150 4800 2
1187 4749 1339 4817 ante]
1377 4763 1539 4817 anper
1574 4754 1758 4815 (corr.)
1793 4746 1857 4800 N
1961 4748 1995 4799 3
2032 4750 2210 4800 antem
2251 4762 2351 4798 om.
2396 4744 2560 4798 CNX
2700 4760 2918 4812 accepe-

644 4840 731 4890 rat
764 4833 988 4889 NFAB
1022 4836 1294 4904 acciperat
1333 4832 1435 4888 OG
1613 4837 1648 4887 4
1692 4833 2033 4888 mandatanit
2080 4847 2265 4899 (corr.)
2301 4832 2372 4886 Μ
2538 4834 2571 4881 5»
2608 4830 2823 4884 fnisset·
2867 4830 2924 4883 N

641 4923 913 4992 acciperat
940 4921 990 4976 0
1100 4936 1312 4976 uxorem
1342 4923 1460 4976 eina
1485 4922 1560 4988 (ei
1586 4926 1664 4987 Δ)
1691 4930 1790 4976 ant
1816 4922 2149 4992 propinquus
2180 4919 2289 4974 GA
2385 4924 2420 4975 6
2447 4918 2647 4974 factum
2686 4922 2771 4972 est
2811 4917 2915 4972 ὕει

643 5011 677 5064 7
711 5014 994 5081 acceperat
1027 5014 1185 5078 (corr.
1223 5011 1518 5082 acciperat)
1561 5010 1610 5063 0
1639 5011 1917 5080 acciperat
1952 5009 2016 5063 N
2047 5010 2251 5079 (coroa).
2293 5007 2345 5063 G
2494 5014 2529 5061 ὅ
2563 5006 2759 5060 merito
2794 5003 2919 5059 1016

647 5097 717 5152 10
749 5114 846 5168 per
877 5099 1076 5154 sectum·
1218 5100 1280 5154 11
1321 5115 1419 5169 per
1451 5115 1590 5156 eras.
1629 5099 1695 5152 N
1830 5097 1937 5152 dno
1973 5097 2129 5164 (add.
2167 5115 2194 5151 e
2227 5117 2270 5152 s.
2312 5097 2369 5163 1.)
2395 5095 2459 5151 N
2601 5096 2666 5148 13
2702 5094 2817 5147 fero
2851 5090 2922 5146 u

649 5186 716 5239 15
751 5184 1136 5240 aetimabatur
1167 5184 1348 5240 ΗΓΒ
1383 5185 1794 5240 existimabatur
1830 5184 2050 5240 GNGA
2148 5185 2210 5239 16
2247 5195 2304 5237 et
2337 5198 2440 5237 ou.
2481 5180 2579 5236 ΟΔ
2674 5179 2738 5233 17
2776 5176 2919 5249 qnod

645 5269 710 5324 N
858 5270 923 5324 18
953 5286 1040 5338 pr.
1079 5270 1205 5324 filiis
1244 5269 1294 5325 G
1469 5273 1537 5326 19
1571 5271 1795 5326 natham
1837 5271 1999 5325 CNX
2175 5271 2244 5323 ⁸20
2282 5267 2622 5323 ecc-filiorum
2661 5266 2828 5332 (iiiior
2859 5267 2944 5330 in,

646 5373 783 5424 raa.)
817 5358 888 5411 Μ
998 5358 1060 5411 21
1104 5358 1278 5412 Adam
1307 5375 1396 5426 pr.
1431 5375 1532 5413 om.
1572 5358 1630 5412 X
1744 5359 1817 5411 22
1854 5359 1949 5428 qni
1981 5355 2310 5412 fnit-Adae
2346 5372 2452 5411 on.
2485 5353 2562 5408 Μ
2670 5352 2743 5409 28
2776 5351 2918 5410 fliius

646 5463 733 5515 pr.
772 5463 874 5502 ωιι.
913 5446 968 5498 Ν
1075 5449 1144 5500 ’25
1182 5448 1378 5515 iesum}
1416 5463 1534 5500 enm
1578 5445 1737 5500 ‹JNG
1886 5445 2060 5514 nobis]
2098 5445 2175 5498 aic
2213 5443 2342 5499 aad.
2385 5443 2433 5497 C
2463 5443 2546 5500 (iu
2578 5445 2733 5508 ma),
2772 5441 2830 5494 A·
