3275 6434
236 991 301 1054 404
633 986 731 1042 Liber
749 987 978 1057 quaestionum

237 1179 416 1247 animetur?
438 1177 525 1262 quod
546 1176 672 1260 quidem
697 1177 725 1243 si
746 1176 884 1245 immin!
912 1195 972 1245 nor
999 1195 1071 1246 esse
1098 1178 1270 1257 diceretur,
1298 1180 1374 1249 terte

238 1283 345 1368 ulique
365 1281 493 1351 tellecie
515 1281 708 1351 eraderetur:
726 1282 805 1349 dens
825 1281 941 1348 dicitnr
957 1283 1046 1368 lcqni
1069 1288 1104 1351 et
1124 1283 1278 1353 dubites?
1301 1286 1374 1354 dens

238 1389 397 1457 benedicit
419 1392 452 1455 ct
472 1389 644 1474 reprobes?

285 1497 335 1562 111
358 1493 420 1562 Sed
442 1493 524 1560 iente
546 1493 607 1561 snb
626 1493 676 1559 dei
695 1494 820 1560 nemine
837 1494 967 1579 Moyses
985 1513 1119 1563 errorem
1137 1495 1281 1564 induxit!
1301 1499 1375 1565 setis

239 1601 298 1670 titi
320 1600 437 1668 fuciunt
459 1598 550 1686 signe
571 1602 606 1667 et
626 1598 772 1687 prodigis
797 1618 854 1685 per
883 1600 1015 1684 Meysen
1042 1600 1127 1668 iente
1152 1601 1186 1668 iu
1214 1604 1375 1689 Aegypte
1400 1620 1413 1664 s

242 1706 396 1775 suadeant
416 1705 476 1773 tibi
499 1704 657 1772 mirebiiie
678 1723 758 1788 qnee
776 1704 808 1770 in
828 1706 921 1772 rubro
940 1705 1019 1773 meri
1036 1710 1129 1793 geste
1146 1712 1224 1775 snut
1242 1708 1285 1775 ed
1304 1709 1378 1776 lite·

239 1811 392 1884 reticnem
414 1811 550 1880 tiliorum
575 1811 710 1886 iereheie
733 1810 808 1879 endi
832 1829 942 1897 meges
965 1813 1151 1880 mnitentes
1175 1814 1253 1898 qnie
1281 1814 1377 1902 digi-

240 1922 307 1985 tus
330 1917 394 1985 dei
416 1922 481 1986 est
501 1917 582 1995 inice
602 1918 743 1984 censenti
762 1917 908 2004 apostole
927 1917 1059 1984 direnti:
1077 1918 1169 1985 nelo
1189 1919 1307 2000 euim.
1327 1924 1378 1999 uit

242 2041 314 2089 nce
344 2024 547 2109 ignorem,
579 2023 743 2104 iratres,
774 2023 870 2105 quie
900 2030 1039 2107 putres
1071 2025 1205 2092 nostri
1242 2045 1378 2096 omnes

242 2128 316 2202 eut
338 2129 441 2194 nnbe
468 2128 635 2195 inerunt
662 2131 702 2195 st
729 2146 865 2194 cmnee
892 2146 1092 2211 permees
1119 2131 1418 2199 trensieruntn

242 2238 282 2301 et
305 2252 442 2303 omues
463 2233 502 2300 in
531 2233 695 2317 Moysen
722 2232 926 2317 baptisati
955 2238 1051 2300 snut
1077 2234 1115 2301 in
1142 2236 1249 2303 nube
1278 2239 1379 2306 etin

242 2341 340 2407 meri
367 2344 408 2405 et
433 2357 568 2407 omnes
597 2339 759 2406 eundem
788 2357 919 2405 escum
948 2339 1180 2424 spiritelem
1209 2342 1381 2411 ederunt

244 2449 284 2514 et
302 2464 437 2512 omnes
456 2444 623 2512 eundem
641 2448 777 2529 petum
798 2443 1033 2529 spiritalem
1051 2445 1257 2515 biberunt.
1276 2449 1381 2516 bibe

243 2552 340 2618 bunt
361 2550 463 2618 enim
481 2549 526 2617 de
546 2549 734 2634 spirituli
752 2549 945 2634 sequenti
963 2555 1092 2635 petre3
1111 2557 1230 2637 petre
1247 2558 1379 2624 entem

244 2659 330 2727 eret
352 2654 556 2724 Christus.
581 2659 615 2722 st
636 2654 719 2723 unde
736 2655 815 2723 heec
832 2655 996 2740 spostolus
1014 2657 1143 2725 iccntus
1161 2662 1233 2727 esti
1257 2666 1380 2743 pneetc
1396 2680 1420 2724 n

244 2767 296 2830 est
326 2762 493 2847 scripture,
523 2761 556 2828 in
588 2780 651 2846 qne
679 2762 818 2848 legimns
850 2761 1013 2830 christum
1044 2762 1209 2833 dominnm
1237 2770 1380 2833 nestrum

245 2867 401 2936 dicentem
437 2866 579 2934 indeeisr
615 2867 648 2933 si
676 2867 905 2934 crederetis
932 2868 1069 2954 Moysi,
1101 2869 1317 2939 crederetis
1348 2875 1383 2937 et

245 2973 348 3053 mitri,
367 2972 462 3057 qnie
484 2972 527 3040 de
549 2992 604 3041 mc
627 2973 795 3058 scripsit
817 2974 980 3058 Moyses.
1004 2975 1077 3059 quis
1098 2974 1176 3042 hnic
1198 2976 1381 3044 concordiae

247 3078 340 3145 fidem
363 3078 517 3163 deneget?
537 3080 608 3162 quis
626 3078 741 3148 undeet
758 3079 862 3147 dicere
885 3080 970 3163 qnod
992 3100 1089 3147 nnnm
1113 3085 1162 3149 est
1185 3081 1382 3167 discrepare?

246 3184 318 3274 quie
349 3187 415 3251 tem
448 3182 549 3251 mulne
581 3185 696 3251 mentis
728 3190 787 3267 est,
815 3189 853 3251 nt
873 3185 1071 3254 indiuidnem
1094 3186 1260 3254 ceritatem
1285 3188 1382 3258 uideri
1396 3204 1423 3250 n

247 3287 416 3355 contendet
437 3287 657 3358 inimicitiam?
679 3308 752 3357 ecce
770 3290 868 3357 hebes
891 3297 925 3357 et
945 3291 1114 3358 uerborum
1143 3293 1329 3360 testimonie
1354 3298 1385 3359 et

248 3391 391 3479 exemplu
417 3391 585 3472 uirtutum,
609 3411 689 3477 qnee
712 3394 852 3462 enimnm
875 3399 967 3461 tuum
990 3395 1164 3483 entingent
1186 3397 1326 3477 neritnti,
1349 3400 1385 3467 ut

248 3517 308 3566 ucn
336 3497 426 3567 eliud
451 3511 546 3585 putes
573 3517 683 3566 uerum
712 3519 807 3583 quem
830 3501 915 3585 qncd
937 3501 1091 3568 ecclesiee
1113 3502 1292 3569 cetheiicee
1315 3521 1384 3569 ccn·

248 3605 352 3671 tinent
372 3602 456 3669 libri.

295 3711 345 3774 14.
369 3706 525 3789 anniem
548 3711 647 3795 igitur
668 3711 835 3795 prebetnm
858 3716 909 3778 eet
930 3711 1014 3779 idem
1038 3712 1132 3779 deum
1155 3713 1257 3782 inisse
1281 3716 1312 3780 in
1335 3734 1386 3781 ue
1400 3734 1426 3781 ss

250 3815 319 3894 teri,
348 3814 403 3898 qui
430 3833 514 3881 nnnc
541 3819 734 3896 noetercii,
764 3820 797 3883 et
823 3817 906 3884 hunc
934 3817 1045 3884 meritis
1071 3819 1227 3886 uirtutum
1261 3819 1386 3889 indiciis

340 4074 355 4130 7
373 4072 422 4131 Ex.
440 4073 466 4141 8,
485 4073 542 4142 (19)
562 4074 595 4128 15
649 4072 776 4131 dicer.
797 4074 839 4144 10,
860 4077 928 4131 1-4
982 4075 1016 4131 17
1035 4075 1094 4131 Ich.
1113 4076 1140 4144 5,
1157 4077 1193 4132 46

162 4236 253 4308 ΜΝ
290 4233 303 4288 1
328 4231 449 4308 quidem]
474 4233 541 4295 cdd.
563 4233 673 4290 ieliecin
695 4232 849 4290 crederetur
876 4233 942 4289 dene
970 4234 1069 4289 dicitnr
1094 4234 1215 4301 (antedi
1241 4233 1389 4292 indiscis-

252 4320 408 4388 dicituriP
460 4321 576 4377 homini·
594 4339 645 4376 nor
664 4323 734 4392 esse]
752 4322 856 4378 homini
874 4338 924 4378 suc
942 4338 1021 4393 posse
1040 4321 1067 4375 P
1119 4321 1224 4377 dicetur
1240 4322 1280 4378 Π
1313 4323 1390 4380 2di·

252 4411 330 4464 estur
346 4407 378 4463 X
439 4406 541 4465 dibites
559 4407 597 4463 M
647 4408 798 4464 decedent
814 4408 846 4464 Χ
902 4408 984 4464 merie
1001 4408 1039 4463 Μ
1090 4408 1227 4479 Ηίςίιοι
1248 4408 1390 4478 cem).

252 4494 307 4551 FB
342 4493 477 4551 erclis(
512 4495 546 4551 10
563 4494 646 4566 unte]
663 4512 698 4550 ne
712 4495 749 4549 Μ
798 4495 965 4552 tremiernnt
979 4497 1152 4552 etomnesic
1167 4497 1279 4567 lienem
1293 4496 1396 4553 enred!

255 4583 288 4639 12
306 4580 420 4638 eundem
439 4580 475 4637 Μ
545 4583 579 4636 14
598 4583 774 4652 consequenti
791 4583 819 4637 Ρ
890 4583 923 4637 ld
940 4583 1010 4638 neec
1026 4599 1078 4639 css.
1097 4583 1128 4636 X
1199 4585 1232 4640 11
1251 4582 1392 4640 crederitis

254 4676 368 4739 utreque
385 4669 444 4729 locu
464 4669 517 4725 CX
574 4670 609 4726 19
626 4667 727 4725 undeet
745 4674 772 4738 (e
790 4671 917 4742 erue.)0
973 4671 1008 4726 20
1026 4677 1058 4725 nt
1075 4687 1127 4726 ess.
1146 4671 1182 4728 Μ
1252 4671 1394 4727 indiuidua

257 4757 287 4811 X
357 4757 471 4813 ceritnte
492 4757 545 4812 θΔ
607 4758 642 4812 22
660 4757 827 4828 subiungent
846 4758 898 4814 CX
958 4759 993 4812 25
1011 4757 1096 4829 idem]
1114 4759 1181 4814 item
1199 4760 1272 4814 cessi.
1291 4757 1392 4829 Enni·

259 4844 349 4899 brecti
