3275 6434
685 1402 993 1474 capxcvlls-ln.
1335 1413 1399 1476 179

266 1595 334 1660 lecit
355 1595 461 1679 qualia
484 1595 555 1678 ipae
577 1600 637 1672 eat,
660 1600 698 1661 ut
720 1597 780 1661 hoe
801 1597 996 1679 praestiterit
1018 1597 1150 1674 sartura,
1174 1600 1259 1682 quod
1287 1601 1399 1666 datura

265 1706 325 1766 erat
352 1702 525 1786 generatio.
553 1702 582 1767 ei
605 1719 682 1786 ergo
711 1701 788 1766 nibil
814 1702 970 1767 interesse
998 1703 1104 1768 dicitis
1132 1704 1213 1769 inter
1240 1705 1335 1772 deum
1365 1712 1399 1772 at

264 1806 434 1883 Christum,
452 1808 571 1891 poterit
586 1807 668 1872 forte
686 1808 802 1890 putari,
827 1808 901 1890 quia
924 1825 983 1872 non
1007 1807 1068 1873 hoo
1091 1809 1251 1876 malitiosa
1269 1830 1289 1876 a
1307 1811 1399 1878 uobis

262 1912 422 1989 asseritur,
450 1915 488 1977 ut
515 1912 599 1995 quod
626 1912 657 1976 in
685 1930 764 1978 uoea
792 1912 910 1977 dieitur
937 1912 995 1977 hoo
1024 1913 1068 1978 sit
1097 1917 1130 1977 et
1155 1914 1187 1978 in
1216 1934 1322 1982 sensu.
1350 1920 1398 1981 ut.

231 2018 332 2101 aquia
355 2037 452 2084 uerus
476 2018 593 2084 dieitur
615 2017 711 2093 lilius,
735 2036 832 2084 uerus
861 2019 1023 2097 sentiatur,
1047 2038 1102 2100 per
1127 2019 1160 2084 id
1190 2021 1274 2102 quod
1302 2022 1400 2088 unius

262 2125 459 2191 subeundae
477 2128 528 2190 est
545 2141 616 2188 eum
637 2127 736 2206 patra.
755 2125 832 2189 lieet
850 2142 911 2189 non
930 2142 986 2206 per
1004 2125 1245 2208 generationem,
1270 2127 1326 2191 aed
1343 2146 1402 2212 per

261 2230 424 2306 facturam,
448 2230 523 2313 qnia
544 2231 647 2293 totum
670 2233 777 2311 potest
799 2228 886 2307 (leue,
910 2230 995 2294 sicut
1018 2229 1134 2309 dicitis,
1154 2235 1190 2296 ut
1208 2230 1326 2297 laetum
1351 2234 1400 2298 eie

262 2335 302 2400 eit
324 2334 418 2418 qnasi
440 2332 604 2400 iniectum.

304 2442 356 2504 ll.
379 2438 414 2506 si
442 2442 549 2504 autem
576 2439 708 2505 rationis
734 2439 850 2505 lineam
879 2443 1046 2523 sequentes
1074 2459 1134 2506 non
1162 2461 1257 2526 posse
1280 2442 1399 2523 dioitia,

231 2545 344 2628 equod
365 2545 458 2611 initio
482 2543 669 2623 continetur,
693 2547 824 2627 aequale
847 2564 918 2610 asae
942 2550 976 2610 et
997 2547 1293 2614 consubstantinum
1325 2568 1398 2617 oum

262 2651 291 2716 id
312 2650 400 2735 quod
422 2655 585 2716 aeteruum
609 2655 670 2729 est,
692 2651 842 2716 reuelatie
866 2650 973 2716 dolum
998 2653 1138 2718 malitiae
1162 2660 1296 2732 uestrae,
1325 2656 1401 2738 quia

263 2761 296 2822 ut
325 2775 456 2822 aeneum
489 2756 579 2821 uerbi
606 2755 752 2836 eludatis,
779 2756 860 2822 talea
888 2775 967 2822 uoee
996 2758 1157 2823 (limatum
1186 2778 1297 2825 uerum
1325 2780 1398 2826 esse

262 2864 359 2928 lilium
383 2861 434 2927 dei
458 2861 564 2926 dicitis
588 2866 738 2945 negantes
762 2863 791 2926 ei
814 2863 888 2944 quia
911 2863 1052 2945 aequalis
1071 2868 1121 2929 est
1139 2864 1197 2929 deo
1221 2866 1311 2948 putri.
1335 2886 1396 2933 nou

264 2971 340 3035 euim
365 2986 463 3034 uerus
487 2972 547 3047 est,
570 2969 598 3032 ai
620 2967 796 3051 inaequalia
816 2973 875 3034 est.
894 2969 1086 3052 poterituum
1106 2989 1200 3036 uerus
1220 2971 1281 3037 diei
1300 2972 1397 3050 lilius,

236 3077 288 3139 usi
310 3092 372 3140 uon
396 3091 492 3140 uerus
515 3073 639 3138 dicatur
662 3077 694 3138 et
716 3076 826 3155 pater?
850 3074 878 3138 ei
901 3074 984 3138 euim
1013 3093 1107 3140 uerus
1136 3080 1186 3140 est
1213 3076 1310 3157 tilius,
1339 3081 1399 3144 enit

264 3189 356 3245 uerua'
385 3184 419 3244 et
445 3181 548 3262 putem
580 3197 675 3260 quam
708 3178 875 3243 ueritatem
903 3179 1079 3260 aequalitas
1106 3180 1228 3262 probat
1257 3183 1341 3263 quod
1370 3185 1397 3248 si

262 3285 400 3368 dispares
424 3288 509 3364 sunt,
529 3289 643 3348 neuter
664 3301 772 3348 eorum
795 3300 892 3347 uerus
916 3287 975 3347 ast.
1003 3285 1059 3349 aed
1089 3285 1236 3367 qnoniam
1264 3287 1397 3371 seriptu-

263 3407 362 3455 rarum
397 3388 619 3455 testimouium
652 3387 781 3453 inritum
813 3387 881 3452 lieri
914 3406 974 3453 non
1008 3392 1123 3471 potest,
1156 3409 1217 3472 quo
1250 3390 1397 3457 Christus

264 3514 353 3561 uerus
382 3495 435 3560 dei
467 3494 553 3560 tilius
579 3493 785 3577 adprobatur,
814 3494 853 3558 de
886 3493 945 3559 deo
977 3501 1067 3578 patra
1100 3499 1194 3561 natus
1223 3497 1397 3564 credendus

233 3601 428 3685 suntquis,
452 3601 629 3667 utneritea
651 3599 729 3665 haee
752 3599 938 3667 firmaretur.
967 3605 1000 3665 et
1026 3619 1082 3683 par
1109 3600 1167 3666 deo
1196 3605 1228 3665 et
1255 3603 1397 3684 aequalis

264 3708 384 3792 legitur.

301 3814 353 3878 la.
375 3812 421 3877 ut
440 3815 479 3877 tu
502 3811 558 3894 qui
579 3810 753 3894 potentiam
776 3809 828 3876 dei
851 3811 1116 3876 inaestimabilem
1139 3811 1312 3893 praedicas,
1334 3814 1396 3879 ais:

263 3917 345 3984 ‘deas
366 3935 518 4003 geum
539 3935 601 3983 uon
624 3919 741 3999 potest,
765 3916 840 4000 quia
863 3916 996 4000 simplex
1015 3920 1125 3982 natura
1144 3919 1219 3992 eet’3
1239 3936 1294 3999 per
1313 3919 1397 4001 quod

264 4023 353 4088 etiam
389 4022 454 4107 ipai
490 4022 549 4088 deo
585 4023 666 4104 patri
704 4022 929 4089 coutumeliam
966 4023 1056 4088 lacis.
1092 4022 1276 4089 mendaeem
1314 4024 1396 4089 euim

232 4127 354 4194 elatum
386 4127 478 4207 dieis,
511 4131 549 4193 ut
578 4125 691 4204 filium,
725 4145 818 4210 quem
850 4127 906 4192 ille
938 4146 1032 4193 auum
1066 4133 1099 4192 et
1130 4146 1241 4193 uerum
1274 4130 1395 4206 asserit,

263 4231 393 4318 deneges
416 4238 450 4298 et
466 4236 555 4299 tuam
572 4232 752 4316 hypocrisin
770 4234 912 4318 detegas,
931 4234 1005 4316 quia
1023 4234 1103 4299 falae
1122 4236 1281 4317 potentem
1301 4233 1394 4298 deum

262 4337 430 4420 praedicas.
457 4338 591 4403 sienim
615 4338 788 4423 potentiam
812 4338 917 4404 deiiu
941 4339 974 4404 id
1001 4339 1086 4423 quod
1114 4357 1223 4404 uerum
1253 4359 1288 4404 er
1314 4338 1396 4404 falso

346 4529 380 4583 18
399 4526 435 4582 el.
454 4526 545 4585 110u.
564 4528 590 4596 5»,
608 4527 644 4581 20
698 4529 732 4583 24
750 4526 784 4582 ol.
803 4527 893 4582 11eu.
917 4529 940 4589 l,
960 4528 994 4584 10

199 4636 229 4691 PG
292 4653 304 4705 1
330 4649 503 4722 praestiterit
525 4650 631 4705 laetare
653 4649 737 4720 qnod]
758 4651 904 4720 prestitam
928 4650 1000 4720 qued
1027 4653 1111 4719 (oen.
1134 4651 1287 4720 praetiterit
1309 4651 1399 4706 tamor

261 4741 321 4809 quo)
338 4737 372 4793 N
441 4738 522 4793 datur
538 4738 576 4793 Μ
636 4741 752 4793 inuersa
771 4739 836 4808 old]
856 4755 919 4792 uere
938 4738 999 4793 ΜΟ
1060 4739 1238 4793 ldioiturt‘
1290 4738 1396 4793 Sinin·

259 4826 356 4882 loetum
370 4826 407 4881 a!
473 4828 508 4882 10
526 4827 599 4897 quod
616 4826 677 4882 edd.
696 4843 749 4897 qno
768 4826 847 4882 redd.
920 4826 958 4896 et]
978 4825 1053 4880 utN
1122 4825 1358 4882 consubstantium
1374 4828 1399 4879 t·

260 4914 291 4967 12
309 4916 351 4982 ut]
369 4920 418 4968 aut
434 4913 472 4968 M
540 4912 696 4968 elidetiaN
764 4914 907 4985 spuere
963 4915 995 4969 14
1013 4914 1038 4968 ai
1054 4931 1106 4970 oua.
1120 4915 1158 4969 Μ
1227 4914 1396 4984 num1uum·

260 5001 321 5071 qaid
341 4999 423 5055 ONX
520 5000 594 5054 illins
611 5017 662 5057 aar.
680 5001 717 5055 Μ
815 5002 849 5057 16
868 5017 932 5056 uero
950 5005 1042 5069 (eurr.)
1059 5001 1096 5056 ul
1185 5002 1217 5057 l'r'
1237 5001 1344 5071 dispare
1360 5001 1397 5055 Μ

260 5090 353 5143 uenter
371 5089 473 5156 eumin]
492 5093 681 5143 deuterorum
703 5089 823 5143 Onusta
841 5104 934 5143 eoram
952 5090 983 5144 N
1000 5094 1097 5143 neuter
1113 5089 1169 5143 AB
1262 5086 1311 5142 sed
1328 5104 1395 5156 que-

262 5174 428 5244 eua1.u
477 5174 513 5228 22
532 5180 562 5228 at
578 5174 620 5244 tu]
637 5179 701 5230 autu
721 5176 804 5231 ONX
874 5177 914 5230 ait
934 5176 957 5228 U
1013 5177 1048 5231 23
1066 5181 1147 5230 notua
1166 5175 1197 5230 Ν
1248 5176 1283 5229 25
1302 5174 1396 5241 intumi

264 5262 359 5316 iustam
377 5261 414 5314 Μ
467 5261 501 5316 20
519 5262 642 5332 detegas]
660 5262 779 5332 denegas
797 5263 828 5315 X
897 5262 995 5317 falsum
1013 5264 1043 5315 X
1434 5253 1439 5259 ’

1311 5364 1357 5418 12·
