3275 6434
584 1402 659 1474 cap.
678 1401 801 1460 cxxvrr
819 1404 899 1460 a-e.
1256 1410 1320 1476 401

181 1601 254 1660 rent
276 1595 460 1679 scripturae,
478 1613 635 1662 memorea
653 1599 762 1662 eaaent
778 1593 908 1662 Balaam
927 1595 1076 1662 dieentiat
1096 1596 1192 1680 qnid
1209 1599 1325 1664 maie-

181 1700 324 1776 dinam,
346 1701 462 1785 inquit,
485 1719 599 1784 qnem
621 1700 833 1768 benedicit
854 1700 975 1770 deaei
992 1701 1109 1793 irnaba
1126 1703 1210 1769 enim
1228 1722 1320 1770 aeon·

180 1812 271 1872 eatur
288 1806 343 1890 qni
362 1825 381 1872 a
398 1804 503 1873 indioe
529 1806 687 1884 landatur,
710 1807 809 1873 immo
828 1806 897 1891 ipae
919 1806 971 1874 ani
993 1811 1160 1875 aeonaator
1181 1812 1242 1888 eat,
1266 1811 1321 1894 qni

179 1930 270 1978 reum
295 1912 375 1978 dicit
396 1931 490 1997 quem
513 1911 602 1997 leger
626 1912 806 1979 defendunt.
831 1913 903 1996 qnia
926 1931 1001 1999 ergo
1027 1917 1063 1980 tn
1086 1932 1132 1993 ea,
1154 1914 1210 1998 qni
1233 1914 1320 1980 dam·

142 2035 158 2077 a
179 2036 254 2082 nare
278 2035 388 2084 oenaoa
411 2016 497 2101 qnod
519 2036 539 2081 a
560 2016 618 2084 deo
639 2017 841 2085 benedictum
858 2018 949 2103 legia,
967 2019 1030 2084 niei
1047 2024 1104 2085 ant
1122 2019 1216 2087 deam
1234 2019 1320 2086 bono

178 2141 251 2188 eoae
273 2141 371 2209 negas
395 2126 450 2189 ant
473 2122 662 2207 scripturam
684 2123 798 2189 taleam
822 2126 979 2192 menaea?

224 2230 252 2293 7.
276 2227 358 2295 Snnt
380 2228 463 2294 enim
485 2229 540 2312 qni
563 2230 654 2311 qnaei
673 2247 756 2295 nona
778 2229 969 2314 accipientes
992 2233 1101 2295 uetera
1123 2230 1317 2315 repudianda

176 2338 299 2418 potant
314 2334 370 2400 aed
388 2354 449 2400 non
468 2333 648 2417 diaerepant
665 2334 704 2400 ab
723 2333 773 2400 bie
791 2353 875 2401 nona
893 2353 949 2420 per
967 2334 1128 2402 Obrietnm
1147 2340 1317 2420 praeoopta

174 2439 304 2523 popnlia
327 2439 481 2505 intimata.
505 2439 573 2523 ipae
596 2438 679 2505 enim
703 2444 834 2525 rogatae
858 2438 899 2504 ad
921 2439 1049 2524 nuptiae
1071 2439 1117 2507 iro
1139 2458 1201 2506 non
1228 2438 1315 2507 dedi·

125 2568 156 2610 ro
174 2548 292 2628 gnatae
315 2555 366 2610 eat
387 2549 421 2612 ot
445 2563 506 2610 non
530 2545 634 2610 eoinm
653 2546 831 2629 praesentia
848 2544 900 2611 ani
917 2544 1101 2611 ininatnnit
1118 2563 1183 2623 eae,
1201 2563 1314 2611 norom

174 2649 273 2714 eiiam
304 2650 440 2716 oontnlit
465 2649 549 2735 qnod
577 2649 684 2716 deerat
709 2650 749 2716 ad
775 2649 942 2716 laetitiam.
970 2650 1124 2734 aoriptnm
1147 2653 1198 2717 eat
1218 2650 1314 2728 enim,

174 2755 250 2838 qnia
272 2756 409 2821 ninam
432 2755 643 2823 laetitioab
662 2774 729 2822 oor
747 2756 932 2822 hominia
953 2760 987 2822 et
1003 2760 1041 2822 nt
1057 2756 1117 2823 lroe
1135 2754 1311 2823 aeonndnm

173 2861 225 2926 alei
257 2862 357 2942 patrie
390 2863 440 2927 ani
472 2862 671 2928 uoluntatem
702 2862 816 2928 feoiaee
849 2881 884 2928 se
916 2862 1154 2941 demonatraret,
1184 2861 1313 2928 Indaeia

171 2952 451 3049 interrogantibus.
474 2987 513 3034 an
536 2968 647 3034 liceret
669 2968 788 3034 bomini
816 2968 977 3034 dimittere
999 2985 1126 3033 onorem
1146 2985 1248 3045 enam,
1266 2986 1312 3033 re

122 3071 301 3152 rsepondit
322 3072 405 3138 inter
422 3077 527 3139 cetera
545 3072 666 3140 dioene:
682 3074 869 3157 qnoniam
883 3074 929 3139 ab
946 3074 1071 3138 initio
1090 3072 1193 3139 feeit
1211 3071 1312 3139 (lene

170 3177 395 3243 maeonium
424 3184 464 3243 et
492 3179 678 3245 seminam
702 3182 743 3245 et
765 3178 883 3245 dixit:
906 3183 1073 3264 propter
1095 3179 1168 3245 boe
1190 3177 1309 3244 relin-

170 3285 267 3364 quet
287 3282 402 3349 bomo
421 3289 576 3365 patrem
594 3290 635 3350 et
652 3289 815 3351 matrem
839 3287 879 3350 et
897 3283 1140 3350 adhaerebit
1156 3282 1203 3350 ad
1220 3302 1309 3350 nro·

169 3406 249 3451 rem
277 3407 389 3453 anam
416 3393 456 3454 eb
483 3393 601 3456 ernnt
627 3388 702 3456 dno
730 3389 768 3455 in
801 3408 917 3456 earne
945 3409 1028 3455 nna.
1062 3390 1202 3473 itaqno
1229 3389 1306 3455 iam

168 3511 243 3558 non
267 3498 363 3559 annt
385 3495 472 3570 dno,
491 3494 561 3560 aed
580 3514 656 3560 nna
674 3514 774 3561 earo.
793 3495 898 3578 qnod
916 3514 1012 3580 ergo
1031 3494 1129 3561 dene
1148 3493 1309 3561 eonion·

117 3621 149 3663 ao
167 3600 233 3674 rit,
257 3599 371 3666 bomo
395 3620 468 3667 non
492 3605 667 3685 separet
690 3601 763 3667 bino
786 3606 837 3666 eet
859 3600 942 3666 nnde
964 3603 1096 3686 rogatae
1118 3599 1158 3665 ad
1179 3599 1308 3684 nnptiaa

164 3704 205 3769 iit
226 3703 372 3787 libenter,
397 3724 435 3770 ne
457 3707 577 3772 iaotnm
604 3706 656 3772 dei
683 3710 716 3771 et
741 3707 841 3790 patrie
869 3706 921 3773 eni
946 3705 1105 3773 infirmare
1130 3704 1306 3779 nideretnrr

165 3811 269 3895 magia
283 3816 389 3878 antem
405 3812 486 3897 legia
500 3812 618 3878 notoria
633 3816 666 3878 et
682 3830 784 3878 nonae
802 3811 977 3879 doetrinam
995 3810 1184 3879 oonoordare
1202 3814 1307 3877 oeten·

165 3915 244 3982 dena
267 3917 396 4000 nnptiaa
421 3936 482 3983 non
501 3917 606 3984 eoinm
624 3937 686 3984 non
706 3918 880 4002 prohibuit,
898 3917 956 3985 aed
973 3923 1005 3985 et
1023 3917 1177 3984 intereaae
1198 3915 1306 4002 dipna·

163 4027 219 4087 tna
243 4028 294 4088 eat
315 4024 535 4089 testimoninm
558 4024 606 4090 eia
629 4023 782 4104 tribnena,
802 4024 952 4108 qnoniam
971 4023 1050 4090 dane
1068 4026 1179 4089 anoton
1195 4036 1303 4086 earnm

117 4146 145 4188 aa
164 4133 226 4205 eat,
250 4133 284 4192 et
306 4129 391 4211 qnod
415 4148 433 4194 a
456 4128 515 4194 deo
537 4129 680 4196 innetnm
704 4135 755 4198 eat
776 4149 880 4214 neque
906 4128 1065 4215 prohiberi
1091 4145 1193 4212 neque
1216 4144 1305 4210 aepa-

160 4232 222 4295 rnri
246 4232 359 4299 debere
383 4234 515 4300 aalntari
537 4241 705 4320 praecepto
729 4234 928 4301 monstrauit

207 4338 237 4402 8.
260 4337 301 4404 lit
324 4339 399 4423 qnia
421 4339 574 4407 natiuitae
597 4340 737 4425 prodeat,
757 4359 829 4406 enm
848 4339 911 4405 iam
930 4337 1120 4422 relinqueret
1136 4334 1303 4412 mundam,

252 4595 368 4653 iiiam.
387 4597 467 4663 aaa
520 4597 750 4663 oei.10n.2‚t
806 4592 1304 4665 12Pr.1ot,1a.et.teelttt.to

163 4683 197 4738 15
215 4682 315 4743 Maon.
335 4687 377 4749 la.
395 4687 466 4743 4-6

196 4824 215 4879 2
233 4823 374 4883 benedixit
389 4827 447 4883 NG
494 4828 512 4884 b
530 4844 618 4885 eeeeee
635 4828 665 4886 P
681 4844 786 4885 aenaea
800 4828 833 4883 N
878 4828 895 4882 d
912 4843 997 4899 aegea
1009 4825 1039 4882 P
1083 4825 1099 4879 'l
1119 4823 1176 4895 qni]
1193 4821 1259 4894 qnia
1271 4820 1302 4876 X

159 4914 178 4967 8
195 4921 258 4983 xpm
276 4902 333 4970 inin
351 4918 425 4986 (ap.
443 4903 512 4985 lin)
530 4916 563 4970 N
629 4918 759 4990 tpopnli
777 4918 919 4973 aintiroata
935 4916 973 4971 Μ
988 4913 1083 4988 populi
1100 4913 1157 4968 elnt
1172 4911 1258 4966 innata
1277 4907 1303 4963 0

159 5002 254 5072 popnli
272 5009 339 5058 eant
354 5005 440 5060 imata
456 5004 513 5061 FB
576 5008 606 5062 li
628 5010 700 5061 enim
719 5023 771 5062 oet
790 5006 818 5061 P
879 5005 914 5060 14
932 5003 1077 5059 demittere
1094 5000 1132 5055 Μ
1183 4997 1217 5053 id
1234 4995 1300 5052 reli·

160 5087 227 5158 qnid
247 5088 274 5145 θ
291 5092 427 5163 relinquid
445 5096 527 5162 (eom
546 5093 687 5164 relinquit)
704 5099 732 5150 Δ
822 5094 855 5149 l'l
874 5091 910 5148 ad
927 5109 979 5148 oen
998 5090 1056 5145 Px
1141 5085 1218 5142 uxori
1235 5099 1301 5139 nae

161 5175 218 5231 θλ
308 5180 343 5236 lt
361 5197 426 5250 ergo
444 5195 497 5238 oet
515 5182 553 5237 Π
635 5182 782 5252 eonlnnrit]
801 5181 874 5252 qnod
891 5181 980 5236 innxit
995 5177 1035 5233 Π
1118 5175 1151 5230 tl
1171 5174 1225 5228 iret
1240 5169 1301 5227 NK

159 5264 277 5321 irnotnrn
299 5268 324 5323 0
401 5270 436 5325 22
455 5272 492 5340 etl
511 5288 527 5326 e
543 5270 583 5326 Π
641 5270 816 5328 concordaret
835 5270 859 5325 0
919 5269 955 5324 28
972 5282 1027 5322 non
1045 5263 1096 5320 eit.
1113 5278 1166 5318 oar.
1182 5257 1300 5316 ΡΙθΔ

188 5401 214 5442 L
229 5395 338 5447 itm-Aa&
353 5403 449 5453 Queat.
461 5403 515 5443 teet.
1229 5363 1265 5419 ²⁶
