3275 6434
466 1467 553 1532 64
1259 1463 1460 1519 Liber
1494 1465 1949 1532 quaestionem

468 1654 757 1720 XXXVI.
832 1653 910 1721 81
974 1653 1270 1721 ‘ANIMA
1336 1652 1559 1745 QUAE
1623 1654 1948 1723 PEccA'r
2010 1653 2204 1722 IPSA
2266 1655 2756 1735 MomETUB‘,

469 1757 676 1840 QUID
721 1759 877 1827 EST
923 1758 1034 1827 UT
1070 1760 1359 1840 ACHAB
1393 1759 1669 1828 FILIUS
1709 1760 2038 1829 omnm
2082 1759 2756 1829 PEGGAUERITET

704 1865 974 1931 XXXVI
1021 1866 1198 1933 UIRI
1243 1865 1516 1934 OCCISI
1564 1864 1785 1933 SUNT
1830 1865 1925 1933 IN
1972 1865 2248 1934 CAUSA
2282 1865 2519 1934 EIUS?

557 2005 700 2072 Alio
749 2024 940 2071 sensu
987 2007 1301 2089 scriptura
1343 2008 1559 2072 locuta
1603 2010 1704 2072 est
1750 2024 1941 2089 quam
1994 2007 2396 2091 propositum
2451 2011 2571 2073 est.
2627 2025 2754 2073 non

470 2112 635 2177 enim
683 2111 759 2177 de
802 2111 920 2177 hac
963 2115 1165 2177 morte
1211 2131 1372 2196 quse
1419 2112 1774 2177 communis
1819 2112 2044 2194 utique
2089 2111 2381 2179 omnibus
2427 2117 2529 2178 est
2573 2111 2757 2189 dixit,
2820 2135 2847 2182 s

471 2217 585 2282 sed
637 2215 714 2281 de
767 2217 878 2281 illa
942 2236 1102 2299 quae
1167 2217 1523 2300 appellatur
1584 2215 1879 2282 secunda.
1944 2217 2100 2282 haec
2163 2217 2327 2282 enim
2391 2221 2759 2301 peccatores

473 2322 763 2405 suscipit,
819 2323 948 2390 illis
995 2326 1209 2389 autem
1255 2323 1365 2406 qni
1410 2324 1473 2388 in
1520 2341 1735 2408 pugna
1780 2322 2015 2388 mortui
2058 2326 2211 2390 sunt
2252 2342 2374 2401 non
2420 2327 2760 2406 peccatum

470 2429 678 2495 Achai·
737 2428 1055 2494 redditum
1120 2433 1241 2507 est,
1305 2428 1419 2494 sed
1485 2428 1693 2494 obfuit
1744 2429 1897 2507 illis,
1954 2446 2032 2494 ne
2086 2430 2477 2511 protectione
2540 2428 2762 2495 diuina

473 2534 678 2600 adiuti
721 2535 1184 2600 inualescerent
1227 2533 1542 2602 hostibus.
1588 2552 1705 2600 nec
1750 2535 1917 2601 enim
1963 2552 2159 2601 causa
2201 2535 2409 2600 Achar
2452 2534 2761 2600 infirmati

475 2643 645 2718 sunt,
692 2640 806 2705 sed
851 2639 953 2705 dei
1000 2640 1230 2707 auxilio
1279 2640 1535 2706 minime
1588 2641 1843 2718 muniti,
1892 2644 1986 2718 ut,
2042 2640 2194 2706 dnm
2248 2640 2496 2707 fortiter
2548 2641 2760 2707 facere
2800 2662 2847 2708 ιο

478 2750 817 2827 nequeunt,
857 2745 1303 2811 occiderentur.
1341 2765 1480 2811 unm
1519 2744 1708 2829 pauci
1745 2746 2003 2811 fuerunt
2039 2749 2257 2812 contra
2290 2745 2553 2823 multos,
2589 2745 2761 2812 unde

478 2855 542 2917 et
589 2852 868 2933 superati
915 2856 1276 2916 noscuntur.
1335 2850 1511 2916 nulla
1569 2868 1720 2937 ergo
1779 2850 2096 2917 iniustitia
2148 2849 2213 2916 in
2266 2852 2600 2917 uoluntate
2657 2850 2763 2917 dei

474 2959 589 3021 est.
634 2956 697 3021 in
745 2959 1062 3038 potestate
1110 2957 1275 3022 enim
1323 2957 1534 3034 habet,
1583 2956 1642 3023 si
1687 2955 1971 3023 adiutare
2019 2958 2183 3034 uult,
2229 2961 2305 3022 ut
2349 2958 2405 3023 si
2461 2956 2761 3036 adfuerit,

475 3061 834 3126 misericors
892 3062 997 3140 sit,
1053 3062 1108 3128 si
1165 3062 1457 3139 noluerit,
1513 3062 1758 3140 iustus;
1814 3080 1931 3127 nec
1997 3062 2166 3127 enim
2218 3062 2456 3128 talibus
2512 3062 2766 3128 debitor

475 3172 594 3242 est,
632 3172 706 3231 ut
739 3170 1031 3231 teneatur
1067 3167 1390 3233 obnoxius.
1418 3166 1563 3232 hinc
1601 3169 1703 3232 est
1741 3166 1908 3232 enim
1939 3167 2107 3250 quod
2135 3167 2282 3233 Iesu
2309 3165 2492 3233 Naue
2528 3168 2761 3234 contri·
2800 3190 2847 3234 ιο

477 3275 682 3337 status
731 3272 923 3338 scidit
966 3273 1349 3339 uestimenta
1395 3290 1512 3338 sua
1556 3271 1930 3357 intellegens
1977 3291 2101 3339 non
2149 3276 2285 3338 sine
2322 3291 2516 3339 causa
2561 3272 2765 3340 domi-

478 3395 626 3440 num
674 3375 977 3441 auxilium
1027 3395 1213 3442 suum
1261 3377 1670 3442 subtraxisse.

479 3584 800 3650 XXXVII.
832 3582 1037 3664 QUlD
1075 3584 1226 3650 EST
1266 3584 1373 3651 UT
1411 3584 1666 3656 MJSSA
1705 3585 1934 3653 MORS
1972 3585 2063 3651 IN
2099 3585 2352 3653 IACOB
2390 3586 2764 3655 UENERIT

478 3689 568 3754 IN
613 3690 992 3768 ISRAHEL‚
1042 3690 1222 3758 CUM
1268 3689 1518 3756 IACOB
1567 3689 1751 3757 IPSE
1808 3690 2111 3759 DICTUS
2169 3689 2301 3757 811*
2354 3691 2762 3759 ISRAHEL?

572 3833 628 3895 1.
662 3831 868 3897 Unius
913 3831 1131 3914 populi
1177 3830 1302 3896 duo
1348 3831 1600 3897 nomina
1637 3831 1871 3915 posuit,
1910 3836 1984 3897 ut
2019 3851 2092 3896 ex
2128 3832 2490 3898 nominibus
2535 3833 2765 3899 merita
2794 3857 2843 3903 ιο

479 3954 692 4002 eorum
740 3936 990 4018 possint
1031 3937 1334 4020 intellegi.
1379 3955 1521 4000 nam
1569 3936 1791 4019 utique
1838 3937 1949 4019 qui
1992 3936 2234 4003 Israhel
2279 3939 2761 4021 cognominatus

480 4046 580 4108 est
631 4043 805 4124 prius
860 4042 1049 4108 Iacob
1114 4042 1455 4108 dicebatur.
1538 4041 1902 4107 conluctsns
1969 4042 2135 4107 enim
2209 4060 2355 4108 cum
2440 4044 2762 4109 saluatore

477 4147 788 4213 intellexit
832 4147 1020 4212 deum
1067 4167 1229 4225 esse,
1279 4167 1464 4230 quem
1505 4148 1567 4212 in
1605 4146 1815 4231 specie
1855 4147 2132 4231 corporis
2170 4147 2449 4227 uidebat,
2488 4147 2761 4232 ideoque

480 4255 833 4336 appellatus
871 4258 970 4318 est
1005 4253 1215 4318 ‘horno
1253 4253 1475 4318 uidens
1516 4252 1747 4318 deum'.
1789 4254 2094 4335 populum
2134 4270 2304 4338 ergo,
2344 4270 2531 4335 quem
2570 4252 2759 4319 Iacob

483 4363 821 4441 nuncupat,
870 4359 989 4425 hoc
1038 4360 1175 4424 loco
1225 4363 1289 4423 et
1342 4361 1405 4424 in
1460 4358 1578 4424 hac
1633 4376 1824 4422 causa
1880 4358 2190 4423 carnalem
2239 4358 2578 4443 significat,
2633 4378 2758 4443 quo
2792 4385 2846 4430 ss

479 4463 666 4529 modo
712 4464 965 4529 nomina
1012 4483 1168 4546 quae
1218 4465 1382 4527 natis
1429 4484 1468 4529 a
1512 4463 1878 4548 parentibus
1925 4464 2333 4546 inponuntur.
2380 4464 2492 4529 sed
2550 4464 2639 4542 hi,
2694 4464 2759 4529 id

480 4573 581 4635 est
627 4569 863 4644 ludaei,
912 4573 1166 4653 propter
1201 4569 1368 4633 mala
1406 4587 1594 4651 opera
1630 4588 1751 4633 non
1799 4568 2168 4634 Israhelitae
2207 4569 2361 4635 dicti
2399 4573 2571 4648 sunt,
2611 4570 2762 4652 quia

659 4759 685 4812 1
728 4758 918 4812 Ezech.
961 4759 1043 4824 18,
1079 4759 1151 4813 20
1239 4759 1273 4812 2
1312 4758 1379 4812 cf.
1418 4757 1522 4812 Ios.
1553 4759 1603 4819 7.
1643 4758 1686 4811 1.
1717 4759 1749 4810 5
1840 4758 1873 4812 6
1911 4757 1979 4812 cf.
2015 4759 2182 4829 Apoc.
2218 4758 2273 4825 2,
2304 4761 2365 4814 11
2397 4763 2499 4814 etc.
2595 4759 2664 4813 18
2691 4759 2757 4812 cs.

481 4845 630 4899 Esai.
665 4847 717 4910 9,
755 4845 789 4899 8
897 4847 967 4900 22
1007 4847 1076 4900 cs.
1114 4846 1248 4900 Gen.
1286 4846 1371 4910 32,
1410 4846 1621 4902 24-32

549 4966 584 5020 2
623 4982 754 5036 agur
788 4965 909 5020 Nx
1085 4969 1252 5022 carmi
1285 4968 1408 5022 Nx
1559 4969 1594 5022 3
1631 4969 1830 5037 uiginti
1866 4969 1922 5022 P
1953 4967 2130 5023 xxv1
2162 4967 2403 5024 MGNX
2552 4970 2587 5023 4
2624 4967 2761 5023 alios

480 5070 667 5109 sensus
708 5053 756 5109 G
894 5070 1002 5124 qua
1043 5054 1090 5108 0
1210 5056 1245 5109 5
1283 5072 1399 5110 mor
1433 5055 1619 5126 (eras.)
1655 5059 1828 5110 morte
1870 5055 1919 5110 0
2040 5057 2071 5110 7
2108 5056 2352 5126 suscepit
2385 5056 2447 5109 X
2559 5057 2594 5111 8
2631 5071 2763 5127 agar

479 5141 602 5196 Nx
761 5143 826 5198 13
865 5143 1123 5197 adiuuare
1164 5143 1271 5197 GA
1433 5145 1500 5199 15
1537 5145 1682 5198 enim
1719 5159 1821 5197 om.
1857 5143 2080 5199 PONX
2245 5144 2390 5198 iesus
2424 5143 2482 5199 Ρ
2513 5143 2670 5199 hiesu
2709 5143 2763 5200 0

479 5229 659 5284 bie-su
697 5234 752 5286 Δ
863 5231 928 5285 16
966 5229 1260 5300 dominum]
1299 5247 1331 5284 a
1367 5230 1585 5286 domino
1627 5229 1793 5283 CNX
1909 5232 1974 5286 17
2011 5247 2165 5285 suum
2201 5246 2304 5286 om.
2340 5231 2416 5285 M
2534 5232 2605 5286 22
2642 5247 2761 5287 cum

478 5316 718 5370 luctatus
757 5317 818 5370 X
880 5359 885 5375 ‚-
922 5317 991 5373 23
1029 5319 1087 5371 in
1125 5334 1227 5373 om.
1264 5317 1385 5373 Nx
1492 5317 1561 5372 26
1600 5318 1676 5372 bii
1720 5316 1828 5373 CX
1930 5319 2000 5373 27
2039 5317 2216 5373 dictae
2252 5317 2361 5373 FB
