3275 6434
672 1424 748 1497 Cup.
765 1423 857 1482 LVIII
876 1423 976 1483 1·ux
995 1424 1019 1480 1.
1352 1426 1418 1491 453

269 1625 439 1704 pcccstum
458 1623 544 1685 ortre
562 1636 678 1704 corpus
697 1624 749 1687 est
766 1623 896 1705 excepto
912 1618 1131 1686 fornicatione.
1150 1617 1179 1686 si
1198 1622 1307 1685 sutem
1326 1638 1418 1687 omno

273 1729 440 1808 peccatum
472 1744 534 1792 nou
565 1733 616 1792 est
642 1730 729 1792 extro
757 1744 885 1810 corpus,
913 1725 970 1793 sod
997 1724 1222 1809 quodcumque
1254 1725 1352 1792 fuerit
1384 1725 1417 1791 in

273 1829 437 1897 Christum
470 1831 661 1910 admittitur,
694 1831 749 1916 qui
780 1831 905 1898 furetur
936 1836 993 1897 uut
1024 1829 1081 1913 qui
1115 1829 1257 1914 ponunt
1292 1834 1326 1897 st
1361 1831 1417 1915 qui

271 1936 436 2014 mentitur,
456 1935 511 2020 qui
528 1937 668 2021 percutit
684 1937 813 2004 motem
836 1938 893 2002 unt
915 1935 1003 2003 uliud
1021 1937 1085 2003 tulo
1103 1935 1256 2018 sdmittit,
1274 1936 1308 2002 iu
1326 1934 1416 2004 enri-

237 2046 360 2107 sstum
389 2040 442 2106 nol
469 2040 500 2106 iu
529 2041 678 2126 spiritum
706 2045 853 2108 sunctum
882 2040 1000 2107 dicitur
1029 2059 1171 2125 peccem,
1204 2040 1290 2125 quod
1322 2040 1416 2108 usids

271 2146 445 2212 absurdum
465 2157 524 2226 est,
544 2151 578 2213 et
594 2150 700 2213 temen
720 2146 886 2232 apostolos
905 2146 1074 2214 ecclesium
1094 2147 1235 2214 membru
1249 2150 1281 2213 ot
1300 2164 1416 2231 corpus

272 2251 393 2317 christi
416 2251 568 2335 sppollrt,
589 2252 638 2318 itu
658 2255 696 2318 ut
713 2270 771 2318 nos
789 2251 929 2318 inuicem
949 2252 1051 2318 simus
1069 2251 1221 2330 membre,
1239 2270 1303 2336 quo
1321 2253 1415 2319 modo

272 2377 348 2443 ergo
371 2358 427 2440 oui
449 2357 622 2424 fornicatur
648 2358 680 2422 in
708 2375 805 2423 suum
832 2375 945 2441 corpus
972 2361 1084 2440 peccet
1111 2361 1145 2424 ot
1166 2375 1228 2423 uon
1251 2358 1355 2445 mugis
1383 2359 1415 2424 in

272 2463 414 2530 Christi?
424 2463 499 2546 quis
512 2461 687 2529 secuudum
700 2462 855 2529 ecclesius
867 2462 1056 2548 mysterium
1068 2481 1129 2529 non
1144 2465 1288 2529 nostrum
1299 2480 1415 2550 corpus

222 2586 253 2629 ιο
272 2568 418 2647 dicimur,
442 2569 499 2635 sed
522 2568 650 2650 christi,
673 2572 706 2636 et
727 2569 789 2635 hoo
809 2568 905 2655 longe
924 2588 943 2635 ι
961 2587 1056 2635 ouum
1075 2570 1135 2646 est,
1154 2568 1230 2653 quis
1247 2569 1303 2653 qui
1320 2569 1413 2635 iorni·

271 2680 364 2740 cstnr
385 2675 456 2742 ideo
479 2675 510 2741 iu
534 2694 651 2761 corpus
674 2694 767 2742 suum
790 2679 912 2760 peccet,
935 2675 1084 2759 quonium
1107 2677 1197 2742 totus
1214 2674 1317 2741 ddum
1341 2694 1411 2742 con-

271 2780 453 2846 teminutnr.

316 2970 437 3036 LVIIII
459 2998 503 3029 =
526 2970 707 3038 LXXVIIII

215 3172 224 3236 )
269 3161 334 3227 LII.
358 3161 442 3229 CUR
462 3160 707 3230 APOSTOLUS
726 3162 891 3230 PAULUS
910 3163 1083 3230 PETRUII
1102 3162 1412 3231 conrosrotun

225 3283 251 3326 su
269 3267 387 3335 SUUM
412 3267 720 3347 REPREHENDIT,
746 3267 862 3349 QUOD
882 3267 1050 3336 ‘TIIIENS
1069 3268 1158 3345 EOS,
1180 3266 1252 3351 QUI
1270 3268 1412 3335 ERANT

268 3373 324 3438 EX
344 3371 683 3450 CIRCUMCISIONE,
703 3372 1011 3441 SUBTRAIIEBAT
1029 3373 1131 3442 SE’A
1146 3373 1409 3456 GENTILIBUS,

268 3477 359 3544 CUM
378 3477 430 3543 ET
449 3476 540 3545 IPSE
559 3476 717 3544 TIMENS
733 3476 824 3555 EOS,
838 3477 913 3559 QUI
930 3478 1070 3545 ERINT
1083 3479 1139 3546 EX
1154 3478 1412 3548 OIBOUIICISI·

268 3582 327 3648 ΟΝ
331 3584 363 3663 E,
403 3582 634 3651 ‘ncclrlnns
673 3582 963 3652 CIRCUIICIDIT'
996 3583 1262 3663 IIIIOTHEUII,
1294 3584 1410 3667 QUOD

266 3688 380 3755 FIERI
411 3687 692 3768 PROHIBEBAT,
724 3689 776 3755 ET
808 3689 900 3792 IPSE
935 3689 1048 3758 ERGO
1085 3690 1410 3759 REPREHENDEN·

222 3810 251 3854 ιι
739 3794 823 3863 DUS
842 3794 940 3863 EST?

315 3936 342 3998 1.
364 3933 554 4000 Incredibile
572 3939 622 4000 est
640 3938 764 4001 tentum
784 3935 965 4019 spoRqum
983 3935 1016 4002 iu
1035 3954 1073 4002 eo
1092 3937 1227 4003 ultorum
1245 3938 1409 4022 reprohen-

267 4039 363 4117 disse,
373 4040 406 4104 iu
422 4059 484 4123 qno
499 4058 534 4106 se
549 4040 645 4107 sciret
658 4041 879 4108 succubuisse.
891 4040 954 4108 hoc
968 4061 988 4108 ι
1000 4046 1067 4108 tum
1080 4060 1194 4127 muguo
1208 4041 1277 4108 uiro
1287 4042 1407 4109 iactum

266 4163 327 4210 uon
351 4149 402 4211 est
424 4146 472 4212 fus
495 4146 632 4226 credere,
657 4147 731 4231 quis
754 4147 805 4213 his
829 4149 980 4231 conpetit,
1004 4148 1058 4232 qui
1086 4147 1253 4214 carnaliter
1279 4149 1406 4217 uiuunt.

267 4256 354 4316 curet
388 4251 496 4334 itaque
533 4253 671 4337 apostoli
702 4251 796 4318 Psuli
828 4253 950 4319 Iactum
981 4252 1184 4338 reprehenso.
1218 4272 1289 4319 cum
1323 4255 1406 4320 euim

220 4375 248 4421 ιι
267 4355 462 4440 praediceret
492 4375 554 4423 uon
583 4357 781 4438 circumcidi,
808 4359 920 4425 uolnus
943 4361 1049 4425 sutem
1072 4359 1275 4425 Timotheum
1298 4378 1406 4425 secum

356 4560 539 4618 dotlcor.
560 4563 601 4630 12,
618 4563 663 4618 tr.
682 4563 706 4631 t,
726 4565 760 4618 15
842 4563 1004 4636 'deIEpIu
1027 4566 1108 4634 4,25
1193 4565 1227 4620 1⁵
1245 4563 1307 4622 flul.
1324 4564 1351 4629 t,
1373 4567 1405 4621 12

267 4648 478 4713 inorme
531 4651 699 4707 diuidet.
720 4652 798 4722 loe

304 4774 316 4826 1
338 4778 412 4827 extra
429 4789 639 4844 corpus-omne
656 4779 795 4847 prorutum
814 4791 867 4831 our.
881 4793 901 4830 ιι
954 4777 1055 4846 sutem]
1073 4776 1144 4831 cuim
1158 4775 1191 4831 Κ
1227 4776 1304 4847 Epr.
1322 4778 1405 4847 qui-

265 4860 467 4916 mentiturosr.
486 4861 519 4915 K
587 4863 636 4919 uit.
656 4864 702 4933 qui
721 4879 773 4919 oss.
792 4881 812 4918 ιι
882 4865 975 4936 dqui]
995 4870 1044 4919 rut
1062 4864 1107 4935 qui
1127 4881 1146 4918 ιι
1199 4864 1290 4936 duci]
1310 4865 1407 4921 sutK

265 4945 283 5001 d
300 4945 441 5003 ecclesium
460 4948 580 5004 membru
593 4950 630 5019 et]
646 4949 782 5005 Ecclesiso
795 4952 917 5007 membru
930 4970 949 5007 ιι
984 4952 1111 5024 Scorpus
1124 4968 1202 5007 suum
1215 4951 1250 5008 Κ
1298 4953 1327 5007 in
1343 4953 1405 5023 nit]

264 5035 293 5088 in
312 5050 409 5103 corpus
427 5034 460 5090 K
549 5038 583 5093 10
600 5037 701 5093 hecK
786 5039 869 5110 louge
888 5041 915 5111 ι]
934 5041 1049 5111 slouge
1067 5041 1100 5095 K
1114 5040 1231 5112 slongs
1249 5058 1269 5096 u
1358 5042 1404 5112 qui

263 5137 316 5177 ors.
335 5122 385 5178 Ks
438 5124 585 5181 iornicstor
602 5125 634 5180 Κ
687 5128 720 5182 15
739 5144 770 5183 er
788 5127 992 5184 circumcisione
1010 5135 1088 5184 erent
1105 5128 1138 5183 K
1190 5130 1222 5184 l'i
1241 5146 1273 5185 cr
1291 5131 1404 5188 circurn-

263 5210 365 5266 cisione
384 5217 462 5266 erunt
478 5211 512 5267 II
553 5214 588 5269 28
605 5215 640 5269 iis
659 5215 693 5270 K
760 5216 915 5287 ouruslitor]
934 5216 1140 5272 notursiitch
1185 5218 1222 5272 24
1240 5219 1402 5289 reprehensn

262 5299 361 5368 κη’μι
378 5299 569 5369 reprehensum
586 5301 617 5357 D
633 5303 841 5375 reprehensione
858 5303 909 5359 Ks
