3275 6434
240 981 305 1045 352
636 979 734 1034 Liber
752 979 985 1050 questionum

239 1168 324 1235 hunc
355 1169 503 1235 dominus
538 1168 679 1236 ortandit
710 1169 739 1236 ai
766 1169 878 1236 stellas
905 1169 985 1237 caeli
1013 1179 1047 1236 ct
1072 1171 1167 1238 dixit:
1195 1171 1231 1238 ai
1259 1175 1380 1257 potos

239 1293 448 1341 nnnrerare
476 1276 567 1341 saal
597 1274 659 1340 aic
689 1274 769 1340 orit
799 1292 934 1341 aemon
966 1280 1090 1342 tnnnr.
1126 1278 1167 1342 et
1198 1276 1380 1343 credidit

238 1379 435 1446 Abraham
458 1379 531 1446 deo
560 1383 602 1446 et
626 1378 866 1463 deputatum
891 1383 953 1446 oat
982 1380 1051 1446 illi
1078 1381 1126 1447 ad
1152 1381 1378 1450 iustitiam.

237 1503 299 1552 non
327 1503 477 1571 magnum
506 1489 594 1550 esset
625 1484 796 1551 credidisse
826 1484 896 1563 deo,
927 1485 989 1551 nisi
1020 1487 1096 1569 quia
1126 1487 1213 1571 qnod
1243 1486 1381 1553 credidit

236 1589 376 1657 mundns
398 1607 460 1657 non
483 1588 672 1656 cedendum
695 1592 728 1656 ot
750 1588 888 1655 stultum
909 1588 1040 1668 indicat,
1064 1591 1140 1674 quia
1160 1591 1252 1657 istud
1269 1592 1303 1658 is
1320 1610 1380 1677 ape
1405 1615 1420 1667 s

235 1715 341 1763 rernm
368 1701 499 1763 naturae
525 1713 586 1761 non
613 1699 672 1762 ost
698 1695 782 1764 undo
809 1695 966 1762 Abrabam
994 1715 1077 1764 unns
1105 1697 1276 1775 amando,
1305 1699 1381 1782 qnia

238 1802 298 1868 hoe
321 1799 463 1882 credidit
485 1804 671 1886 segregatus
694 1820 713 1866 s
736 1799 901 1867 mundanis
924 1800 1118 1868 instificetur
1140 1807 1203 1869 eat

281 1907 312 1970 8.
329 1906 400 1973 Hoc
418 1924 493 1992 orgo
511 1905 684 1972 credidisse
701 1905 834 1989 perfidia
849 1906 1025 1971 mundanas
1038 1907 1213 1990 sapientiae
1225 1927 1379 1993 magnum

236 2011 324 2088 iacit,
356 2014 466 2077 contra
496 2011 589 2077 cnina
621 2029 711 2095 sporn
742 2011 803 2077 boc
834 2011 1006 2077 credidisse
1032 2012 1159 2078 maximi
1188 2013 1297 2078 meriti
1320 2021 1379 2079 est

237 2116 415 2202 desperatio
434 2116 516 2181 eninr
541 2115 768 2182 mundanorum
791 2116 939 2182 meritum
963 2120 1015 2183 est
1037 2120 1070 2183 et
1091 2136 1164 2201 spes
1184 2117 1378 2186 Christiano
1394 2136 1421 2182 ro

236 2242 318 2288 rum.
332 2221 487 2288 bonorum
501 2221 584 2287 enirn
598 2222 773 2306 praemium
787 2241 884 2289 causa
896 2223 975 2289 tacit
986 2222 1156 2301 malornm
1170 2224 1285 2291 fortior
1292 2244 1380 2292 narn·

237 2346 298 2412 qne
317 2330 351 2392 et
367 2327 489 2411 plenior
505 2326 584 2393 tides
603 2332 662 2404 est,
678 2346 750 2393 cnm
765 2346 800 2394 se
813 2327 1053 2395 incredibilibus
1071 2330 1176 2415 magis
1194 2332 1380 2399 committit.

235 2434 331 2498 horno
359 2433 442 2499 eninr
463 2433 526 2498 ianr
549 2432 657 2499 aridus
680 2433 774 2498 etde
795 2451 891 2500 uxore
913 2435 1039 2501 anienls
1060 2454 1167 2502 semen
1186 2454 1221 2501 se
1236 2437 1382 2508 credidit

235 2537 430 2618 babituram,
443 2536 526 2622 quod
541 2555 616 2621 prae
630 2538 721 2621 copia
738 2539 895 2605 numerari
909 2556 971 2605 non
986 2541 1098 2624 possit,
1113 2558 1173 2607 nen
1192 2541 1255 2608 boc
1273 2546 1379 2630 magi.

234 2644 407 2727 respiciens
430 2642 516 2728 quod
538 2647 700 2710 ostensum
725 2648 785 2722 ost,
809 2645 866 2711 sed
888 2644 979 2710 illum
1006 2646 1060 2728 qui
1084 2646 1223 2712 ostendit
1249 2645 1378 2717 mentiri
1394 2665 1420 2711 rs

234 2768 331 2835 posse
357 2767 417 2816 non
442 2749 623 2815 aerumans.
648 2748 783 2831 ideoque
805 2750 992 2833 deputatum
1015 2753 1066 2817 est
1088 2752 1117 2817 ei
1139 2751 1180 2817 ad
1204 2752 1378 2823 iustitiam.

234 2874 306 2921 narn
339 2874 406 2920 rem
437 2853 606 2919 absurdam
639 2857 672 2919 et
703 2873 783 2937 qnae
814 2855 1012 2939 inpossibilis
1043 2857 1145 2922 scitur
1170 2857 1297 2925 hebetis
1329 2866 1381 2926 cst

238 2950 376 3036 credere,
412 2959 474 3025 niai
509 2977 643 3041 persona
675 2959 728 3039 sit,
761 2977 841 3042 quae
873 2960 959 3026 credi
990 2961 1079 3028 istud
1115 2962 1258 3028 suadeat.
1296 2964 1379 3030 unde

237 3064 395 3130 Abraham
418 3067 452 3129 et
469 3063 664 3129 admirabilia
683 3063 755 3128 fidei
775 3068 825 3129 est
844 3068 876 3128 et
894 3064 996 3130 cordis
1021 3065 1126 3147 periti,
1149 3065 1225 3131 dnm
1245 3070 1279 3132 et
1297 3067 1379 3133 illud

237 3168 341 3235 credit
361 3168 445 3251 quod
467 3168 650 3234 incredibile
672 3174 722 3234 ost
745 3173 777 3233 et
799 3168 874 3235 hnic
898 3189 931 3235 se
958 3172 1138 3250 committit,
1161 3172 1213 3237 cni
1233 3189 1293 3238 non
1314 3191 1377 3239 cre·
1394 3191 1421 3236 sn

239 3276 312 3340 dere
335 3279 368 3339 et
389 3275 526 3341 stultum
549 3277 599 3340 eat
621 3278 654 3339 et
674 3274 889 3357 periculosum
909 3279 968 3341 est.

282 3382 313 3444 4.
335 3379 446 3445 Fidem
470 3380 552 3444 enim
575 3385 713 3445 nostram
738 3379 797 3446 hoc
821 3381 934 3463 probat
955 3380 1187 3460 rationabilem,
1215 3384 1289 3466 quia
1317 3403 1378 3450 non

238 3487 277 3551 da
300 3486 363 3551 alic
392 3502 485 3567 quam
513 3485 638 3551 dedeo
666 3485 766 3550 credit
794 3504 888 3570 posse
912 3505 988 3550 enm
1012 3486 1096 3569 quod
1120 3489 1290 3569 promittit
1318 3490 1379 3554 hoc

238 3588 415 3675 ergo-fidoi
443 3590 714 3676 propugnaculum
738 3596 795 3669 est
827 3592 878 3656 hic
910 3592 1099 3674 triumphus.
1132 3592 1217 3676 quod
1249 3595 1378 3677 quidem

125 3781 127 3787 Ι
236 3695 463 3782 perspicientes
491 3696 600 3762 mnndi
627 3697 785 3781 sapientes
812 3716 915 3762 rorum
943 3704 1097 3775 naturam,
1125 3700 1201 3780 quia
1228 3700 1289 3765 hoc
1317 3719 1377 3766 non
1394 3717 1420 3761 a

237 3806 353 3886 potest,
378 3803 514 3867 stultum
538 3803 627 3867 aiunt
648 3803 772 3867 credere
796 3803 987 3885 ignorantes,
1012 3804 1087 3884 quis
1109 3804 1285 3870 secundum
1305 3823 1378 3888 apo·

238 3909 356 3974 stolum
382 3907 485 3990 quod
510 3909 682 3974 stultum
705 3915 768 3973 est
795 3907 871 3985 dei,
905 3908 1139 3991 sapientius
1167 3914 1230 3974 est
1259 3911 1378 3975 hemi·

326 4146 570 4209 lucarano
625 4147 871 4210 lcl.ltorn.4.2
930 4148 1202 4212 mordentes
1257 4150 1376 4205 ascri

236 4235 397 4298 Corbio
450 4231 694 4296 lllcor.l‚25

273 4394 285 4446 l
307 4393 346 4447 eia
363 4391 396 4446 N
480 4395 572 4462 potest
588 4392 627 4446 Μ
640 4392 780 4462 (curali)
868 4394 884 4447 3
903 4395 1057 4448 estimatum
1077 4395 1104 4447 P
1119 4399 1276 4466 reputctum
1295 4398 1375 4452 Morti

234 4480 288 4551 illi]
312 4483 337 4535 ei
356 4480 384 4535 P
488 4479 522 4534 de
544 4480 653 4534 iustitia
674 4480 697 4535 O
718 4484 810 4549 (corr.)
899 4483 916 4533 b
938 4465 1064 4551 stultum]
1089 4483 1189 4536 iustum
1213 4484 1330 4539 stultum
1350 4486 1377 4538 P

235 4568 417 4638 demnndo]
435 4568 535 4623 mundo
552 4568 576 4622 0
592 4570 661 4624 enirn
682 4568 732 4623 deo
746 4569 777 4622 X
848 4569 921 4638 qnia]
942 4570 988 4637 qai
1009 4569 1063 4625 Ga
1115 4572 1132 4625 8
1150 4573 1324 4641 sapientia·-
1342 4574 1375 4628 Μ

235 4658 253 4712 θ
271 4657 387 4713 credisse
408 4657 461 4712 GN
566 4657 601 4711 10
622 4659 729 4710 monim
750 4657 787 4711 d!
874 4661 963 4710 ·····et
985 4675 1046 4728 spes
1069 4664 1107 4724 (ct
1126 4676 1187 4728 apcs
1207 4661 1237 4712 in
1255 4666 1324 4728 rna.)
1342 4661 1375 4715 sl

237 4749 268 4802 ll
289 4747 419 4802 donorum
437 4747 465 4801 Ρ
505 4747 538 4800 15
556 4746 693 4816 respicens
711 4745 859 4814 X(cerr.),
877 4745 908 4800 F
960 4748 993 4800 19
1013 4748 1091 4815 periti
1111 4746 1185 4817 dnm]
1205 4747 1376 4816 peritian

235 4834 267 4888 il
289 4837 333 4888 ost
346 4848 390 4901 pr.
408 4848 460 4888 osa.
481 4833 506 4885 P
557 4833 593 4885 24
612 4833 663 4901 est]
683 4838 712 4886 ot
728 4831 760 4885 N
809 4834 844 4886 25
863 4834 1064 4902 perspectentea
1081 4833 1111 4885 N
1128 4836 1295 4903 perspiciens
1314 4835 1343 4888 Χ
