3275 6434
479 1500 562 1565 78
1257 1494 1458 1551 Liber
1492 1494 1960 1566 quaestionum

474 1689 862 1758 constitutor
907 1693 1025 1758 est.
1074 1699 1262 1772 quem
1310 1689 1390 1755 ad
1445 1688 1709 1756 modum
1764 1687 1929 1755 enim
1987 1706 2061 1755 ex
2111 1689 2477 1759 Hahrah'am
2526 1689 2766 1757 Hebrei

476 1795 631 1862 dicti
669 1796 841 1874 aunt,
898 1794 994 1862 sic
1048 1797 1115 1861 et
1168 1813 1240 1868 ex
1297 1792 1551 1862 Clu-isto
1607 1792 1950 1862 Christiani
2002 1793 2323 1864 dicuntur.
2376 1796 2768 1881 quicumque

476 1918 625 1987 ergo
672 1901 880 1969 adhuc
931 1898 1169 1967 Hebrsi
1223 1899 1540 1978 dicuntur,
1595 1917 1836 1971 nouum
1888 1903 2344 1968 tesmentum
2399 1901 2573 1988 quod
2625 1910 2769 1986 pro·

478 2006 659 2075 misit
712 2007 868 2074 deus
936 2021 1059 2074 non
1121 2008 1496 2092 receperunt
1548 2004 1930 2073 beneficium
1984 2010 2052 2073 et
2106 2007 2607 2075 misericordiam
2664 2006 2768 2073 dei

476 2113 539 2179 in
574 2112 825 2179 irritum
865 2112 1277 2192 deducentes,
1315 2112 1425 2196 qui
1459 2112 1775 2196 populum
1812 2130 2003 2179 enum
2031 2113 2160 2180 iam
2196 2113 2478 2181 hominis
2512 2112 2768 2180 nomine
2834 2133 2861 2178 a

478 2220 697 2285 nolens
734 2219 977 2286 censeri
1013 2218 1136 2286 sub
1165 2216 1285 2284 mii
1311 2217 1414 2284 aui
1442 2216 1697 2284 nomine
1724 2218 2114 2286 constituere
2140 2219 2289 2286 illos
2317 2219 2769 2306 dignatusest.

573 2325 677 2390 11.
733 2321 874 2405 Qua
918 2323 1118 2410 igitur
1162 2323 1424 2391 audacia
1472 2322 1697 2391 dicunt
1749 2322 1971 2390 Iudaei
2027 2341 2149 2392 non
2206 2328 2424 2393 nostra
2463 2343 2581 2393 nos
2625 2325 2771 2412 lege

480 2431 600 2510 uti,
646 2429 763 2496 sed
809 2448 947 2509 sua,
994 2446 1138 2496 cum
1195 2429 1369 2496 dicat
1421 2428 1661 2496 Danid=
1716 2429 2148 2498 confitebor
2200 2431 2351 2498 tibi
2402 2432 2473 2497 in
2531 2429 2769 2516 genti·

479 2537 621 2603 bus
695 2540 764 2603 et
814 2536 1076 2602 iterum:
1142 2534 1582 2621 epulamini,
1648 2539 1933 2621 gentes,
2000 2554 2161 2603 cum
2224 2536 2507 2622 populo
2559 2535 2773 2603 eiua?

481 2646 549 2710 et
602 2642 680 2710 ad
733 2642 1123 2709 Hieremiam
1177 2641 1490 2728 profetam
1546 2641 1707 2709 dicit
1758 2643 2079 2710 dominus:
2144 2643 2356 2728 prius
2410 2662 2627 2729 quam
2690 2644 2769 2709 te
2811 2661 2861 2704 ιο

479 2752 873 2817 formarem
932 2749 1004 2815 in
1062 2753 1301 2827 utero,
1348 2749 1527 2816 noui
1573 2751 1679 2825 te:
1745 2752 1827 2815 et
1890 2753 2060 2816 ante
2124 2767 2341 2834 quam
2390 2750 2635 2816 exires
2680 2747 2774 2814 de

480 2855 737 2934 uulua,
785 2855 1287 2923 sanctificaui
1332 2857 1406 2921 te
1463 2859 1539 2922 et
1590 2855 1966 2939 profetam
2013 2855 2084 2922 in
2141 2855 2500 2943 gentibue
2543 2855 2772 2940 posui

482 2968 575 3029 te.
637 2961 1006 3028 Iudaismus
1062 2963 1233 3028 certe
1285 2960 1574 3046 proprias
1629 2960 1826 3027 habet
1868 2960 2395 3047 significationem
2441 2965 2556 3028 aut
2599 2960 2773 3027 enim

481 3068 761 3153 populna
808 3067 929 3133 iste
972 3069 1037 3133 in
1084 3067 1274 3134 Iacob
1320 3066 1721 3152 significatur
1755 3068 1870 3132 aut
1911 3067 1977 3133 in
2023 3064 2311 3134 Samaria
2353 3070 2471 3134 aut
2508 3066 2572 3133 in
2618 3058 2774 3133 Hie-

480 3172 758 3240 rusalem
831 3173 944 3239 aut
1014 3173 1080 3238 in
1152 3171 1313 3239 luda
1386 3174 1501 3238 aut
1569 3171 1633 3238 in
1707 3172 1969 3240 Israhel.
2033 3173 2112 3239 de
2184 3173 2483 3262 gentibus
2553 3175 2772 3240 ntem
2811 3187 2859 3231 1⁶

481 3281 769 3363 apertum
816 3280 918 3346 est
962 3277 1113 3363 qnia
1157 3277 1343 3344 aliter
1385 3277 1535 3344 illos
1581 3276 1919 3364 significat,
1964 3296 2155 3363 quam
2202 3285 2356 3346 sunt
2396 3278 2639 3347 Iudaei.

576 3384 675 3449 12.
737 3381 974 3450 Noster
1028 3401 1176 3468 ergo
1232 3381 1482 3467 profeta
1534 3384 1637 3448 est
1692 3381 2072 3451 Hieremias.
2128 3382 2423 3467 quamuis
2485 3384 2655 3451 euim
2708 3385 2773 3451 in

482 3489 777 3556 omnibus
823 3489 1089 3574 profetis
1145 3491 1367 3575 gentes
1424 3487 1767 3574 participes
1821 3487 1970 3554 doni
2034 3489 2160 3555 sui⁴
2191 3489 2540 3557 ostenderit
2592 3489 2775 3570 deus,

480 3593 561 3659 ad
602 3595 992 3662 Hieremiam
1039 3599 1248 3661 tamen
1307 3593 1672 3680 specialiter
1715 3593 1892 3674 dicit,
1939 3595 2090 3677 quia
2141 3594 2325 3661 nobis
2368 3595 2553 3663 illum
2598 3593 2777 3662 dedit

478 3700 808 3785 profetam.
856 3701 960 3768 hic
1006 3700 1172 3766 enim
1230 3717 1468 3767 nouum
1518 3703 1977 3768 testamentum
2022 3699 2308 3767 futurum
2361 3700 2772 3788 significauit,
2806 3716 2859 3761 an

480 3806 649 3891 quod
721 3808 870 3891 plus
943 3807 1243 3891 gentibus
1323 3805 1661 3891 proficeret
1741 3825 1932 3889 quam
2014 3805 2290 3886 Iudaeis,
2364 3806 2537 3893 quod
2606 3826 2773 3875 nunc

478 3912 863 3980 declaratum
922 3911 1195 3979 uidetur.
1252 3930 1401 3979 cum
1459 3911 1629 3978 enim
1684 3910 1749 3976 in
1805 3912 2109 3978 uniuersa
2160 3915 2328 3978 terra
2384 3913 2534 3979 noui
2582 3917 2772 3981 testa·

476 4019 675 4085 menti
749 4017 838 4084 sit
910 4017 1315 4102 praedicatio,
1381 4019 1515 4084 tam
1579 4035 1719 4085 raro
1785 4020 1854 4083 et
1904 4016 2164 4084 difficile
2216 4018 2493 4085 Iudaeus
2566 4018 2773 4087 fidelis

478 4125 824 4202 inuenitur,
871 4128 946 4191 ut
991 4143 1210 4190 omnes
1256 4123 1567 4191 ecclesiae
1614 4123 1765 4190 noui
1818 4124 2182 4191 testamenti
2239 4124 2527 4210 gentium
2574 4125 2773 4192 nomi-

474 4232 721 4307 nentur,
770 4230 940 4297 sicut
986 4230 1227 4298 dictum
1277 4232 1412 4297 erat
1456 4231 1520 4297 in
1569 4230 1734 4296 Osee
1778 4230 2053 4316 profeta:
2103 4232 2389 4299 uocabo
2437 4248 2576 4298 non
2622 4232 2768 4316 ple
2807 4246 2860 4290 ²⁵

475 4339 634 4403 bem
692 4356 926 4404 meam
982 4336 1277 4422 plebem
1332 4356 1563 4402 meam
1635 4340 1711 4403 et
1766 4355 1910 4403 -non
1969 4337 2327 4404 dilectam
2393 4337 2770 4406 dilectam.

474 4443 748 4529 repulsis
795 4460 944 4527 ergo
990 4442 1244 4509 Iudaeis
1292 4445 1601 4508 conuocat
1649 4446 1870 4527 gentes
1918 4461 1992 4510 ea
2036 4443 2507 4511 misericordiae
2544 4445 2770 4530 gratia,

649 4634 683 4688 8
719 4632 811 4688 Pe.
854 4633 938 4696 17,
976 4634 1061 4687 50.
1101 4633 1188 4701 56,
1229 4632 1297 4688 10
1416 4637 1448 4686 9
1488 4632 1576 4686 Ps.
1615 4633 1704 4701 ⁴6,
1743 4632 1777 4685 2
1813 4632 1903 4706 (P).
1949 4635 2067 4695 116.
2111 4635 2135 4688 1
2176 4634 2249 4704 (P)
2353 4634 2419 4690 10
2455 4634 2605 4692 Hier.
2650 4638 2695 4699 1,
2733 4638 2767 4684 ἴ»

473 4723 541 4776 25
579 4722 732 4777 Rom.
772 4723 822 4786 9,
860 4721 951 4778 25.
992 4719 1062 4776 cs.
1100 4718 1193 4775 Os.
1231 4721 1284 4786 2,
1323 4721 1392 4776 23

546 4847 571 4899 1
615 4845 882 4902 constitor
914 4844 989 4900 M
1124 4845 1159 4899 2
1195 4845 1340 4900 sicut
1375 4844 1444 4912 F,
1481 4850 1622 4915 (exp.
1665 4848 1746 4910 ut)
1788 4846 1842 4899 B
2023 4848 2105 4916 cx]
2142 4870 2172 4897 ο
2196 4845 2272 4900 Μ
2420 4847 2455 4900 5
2489 4863 2600 4901 non
2638 4853 2771 4901 ante

469 4934 707 4990 hominis
740 4928 811 4989 N
834 4932 1150 4989 hominibus
1184 4936 1368 5002 (corr.)
1409 4933 1484 4989 M
1587 4935 1618 4988 7
1659 4933 1790 5015 quia
1822 4933 2003 4990 PMG
2125 4933 2337 4990 auditia
2371 4933 2446 4989 M
2547 4933 2687 4992 dieu
2724 4935 2772 4988 C

470 5024 506 5078 8
523 5022 779 5094 gentibus
806 5023 864 5077 in
893 5020 1156 5093 gentibus
1191 5023 1353 5090 (aas.
1394 5022 1452 5077 in
1479 5019 1759 5092 gentinus)
1802 5020 1853 5077 0
1956 5022 2017 5077 11
2061 5031 2264 5093 qna-w
2288 5020 2367 5077 Π
2469 5023 2537 5078 12
2563 5023 2766 5079 meti·

469 5111 656 5167 ilcauit
689 5109 765 5166 Π
910 5112 976 5167 18
1013 5110 1286 5182 particeps
1324 5109 1398 5164 M
1581 5108 1901 5167 ostenderet
1936 5110 2004 5166 N
2028 5112 2232 5182 (cont),
2271 5110 2379 5167 GA
2579 5109 2674 5167 d!-
2698 5109 2772 5166 Π

467 5198 538 5254 28
575 5200 656 5270 et]
693 5200 793 5255 aut
817 5197 878 5254 N
912 5201 1095 5267 (com)
1133 5202 1198 5254 ut
1222 5199 1283 5252 X
1316 5199 1478 5270 (con.
1508 5202 1562 5254 Δ
1591 5200 1705 5265 aut)
1853 5197 2033 5272 iudeis
2066 5198 2115 5255 0
2134 5197 2363 5255 iudaeos
2386 5197 2500 5256 FB
2632 5197 2764 5256 flde-

465 5287 548 5343 les
581 5287 628 5342 0
695 5288 767 5343 24
793 5288 1107 5343 nominetur
1131 5287 1202 5342 M
1270 5287 1341 5344 25
1368 5304 1464 5359 ose
1495 5287 1545 5342 0
1568 5304 1692 5344 ose·
1719 5294 1768 5354 (ι
1796 5286 1949 5354 dub.)
1977 5287 2037 5342 N
2063 5303 2157 5343 ose
2181 5286 2245 5342 F
2308 5287 2380 5343 2⁷
2407 5286 2672 5359 repul-ais
2695 5287 2769 5344 Π

466 5374 836 5432 misericordia
875 5376 1040 5431 GNX
1182 5379 1238 5430 et
1276 5382 1406 5430 unte
1440 5376 1619 5445 gratia
1657 5375 1789 5431 add.
1830 5375 1946 5431 Nx
2089 5375 2267 5446 gratie
2303 5374 2378 5430 M
