3275 6434
655 1206 834 1280 (leuium
852 1207 1029 1265 a-uxmt
1338 1210 1405 1277 467

266 1398 349 1465 iuter
371 1403 475 1467 oeters
497 1401 556 1467 eit:
580 1405 618 1469 et
640 1419 703 1486 pro
727 1402 900 1469 omuibus
924 1405 1095 1469 mortuus
1118 1405 1187 1482 est,
1210 1403 1260 1468 his
1283 1402 1404 1487 utique,

266 1507 321 1588 qui
339 1505 538 1573 crediderunt
554 1514 587 1573 et
600 1508 751 1575 credituri
766 1512 850 1575 sunt
863 1513 913 1574 est
926 1509 1021 1575 etium
1037 1513 1071 1574 et
1083 1527 1139 1592 pro
1153 1509 1233 1592 ipsiu
1247 1512 1402 1588 mortuus,

266 1611 321 1694 qui
355 1612 481 1679 eredere
507 1617 630 1691 uolunt,
659 1613 715 1680 sed
743 1613 819 1679 (lum
847 1614 895 1680 illi
922 1613 1109 1680 beusfloinm
1142 1632 1204 1681 uon
1237 1615 1403 1697 recipiunt,

265 1717 380 1783 uolunt
395 1736 451 1802 pro
470 1737 505 1785 se
523 1727 686 1787 mortuum
703 1739 775 1787 osee
794 1719 970 1799 Christum,
994 1739 1030 1786 uo
1049 1738 1104 1803 per
1121 1720 1181 1787 loe
1198 1737 1259 1786 uon
1279 1720 1406 1787 uidetur

234 1828 414 1889 emortuus
437 1843 492 1909 pro
515 1826 575 1906 his,
597 1826 715 1910 quibus
739 1826 817 1892 nihil
840 1827 969 1911 profuit,
994 1825 1051 1892 sed
1079 1827 1181 1913 magis
1210 1826 1320 1893 obfuit.
1348 1846 1405 1911 pro

267 1930 317 1996 his
340 1934 447 1997 eutem
470 1933 530 1998 rite
553 1936 698 1999 mortuus
722 1933 848 2004 dieitur.
872 1933 988 2016 quibus
1012 1933 1172 2016 adquisita
1190 1933 1325 1999 uiotoria
1344 1937 1404 2010 eet,

267 2036 321 2119 qui
343 2036 565 2123 intellegentes
583 2039 770 2123 mysterium
793 2039 852 2104 deo
875 2039 993 2124 gratius
1012 2039 1151 2104 referunt
1168 2057 1223 2123 per
1242 2037 1404 2105 Christum

267 2141 429 2208 domiuum
452 2148 606 2211 uomrum.

213 2354 223 2418 )
268 2349 412 2416 LXXIII.
435 2349 539 2431 QUID
562 2352 639 2419 usu
657 2351 713 2419 U'I
734 2352 866 2419 numu
889 2351 1030 2419 mcor:
1051 2352 1408 2420 ‘CONIUNDANTUR

223 2454 320 2520 roIl'I
355 2456 630 2525 atonescam
667 2457 742 2538 QUI
780 2457 937 2526 DICUNT
968 2458 1080 2524 MIHI:
1105 2457 1238 2534 ‘unuln
1270 2459 1405 2538 IIUGE',

269 2561 1407 2645 DOMINUSAU'I'Bliz‘IIUGE’,INQUI'I',‘8I}RUIIBONIIIITFIDE-

268 2669 354 2747 LIS',
369 2672 421 2737 ΕΤ
440 2671 622 2739 CETBRA?
642 2672 761 2755 QUOD
778 2672 912 2741 DAUID
931 2671 1013 2740 PRO
1032 2671 1199 2738 PROBRO
1218 2672 1271 2738 ET
1289 2671 1405 2738 Molo

268 2774 455 2853 accurit,
488 2779 574 2847 Hoc
607 2778 829 2847 SALUAI'OR
860 2777 987 2845 BONIS
1023 2777 1197 2845 alumnis
1233 2777 1406 2844 DIGNUM

721 2885 952 2952 OSTIINDI'I?

224 3034 252 3078 ¹⁵
314 3027 383 3093 Non
401 3026 495 3094 ualde
512 3025 593 3092 illud
612 3026 802 3111 discrepata
815 3026 977 3110 superiora
996 3025 1189 3110 quaestione.
1208 3043 1307 3090 uuum
1322 3024 1404 3090 enim

269 3132 402 3200 uerbum
426 3132 569 3199 diuersas
591 3132 688 3198 habet
711 3132 967 3218 significationes,
990 3132 1075 3198 siout
1101 3149 1197 3215 supra
1222 3130 1406 3196 memomui.

270 3240 498 3306 obtrectatores
517 3240 600 3305 enim
618 3238 733 3318 Dauid,
753 3258 826 3305 oum
840 3239 943 3304 exitiis
959 3239 1027 3304 eius
1042 3238 1193 3315 iuuerunt,
1208 3236 1407 3320 gratulubun-

269 3352 322 3411 tur
346 3346 437 3412 malis
461 3347 539 3413 eius.
562 3345 638 3411 dum
657 3345 739 3411 euim
759 3345 814 3410 ille
833 3363 996 3430 pressurus
1016 3349 1049 3410 et
1066 3343 1229 3429 augustias
1247 3345 1408 3426 pateretur

270 3450 378 3517 aSaul
393 3455 425 3517 ot
443 3472 461 3516 e
480 3452 545 3517 tilio
564 3471 622 3518 suo
641 3452 828 3529 Abessalon,
847 3452 896 3516 illi
914 3454 999 3517 reeta
1018 3452 1051 3517 et
1067 3450 1146 3523 bene
1164 3448 1231 3515 fieri
1250 3446 1406 3513 licebant.

221 3563 252 3607 ²⁰
270 3558 334 3623 tale
357 3561 408 3623 est
429 3558 458 3624 si
481 3559 597 3641 aliquio
621 3556 707 3623 (licat
729 3557 768 3623 de
791 3577 838 3640 eo,
862 3557 915 3640 qui
934 3556 1065 3623 iniurias
1089 3555 1223 3641 patitur:
1247 3554 1336 3620 ‘bene
1358 3552 1407 3617 illi

268 3666 329 3730 luoo
353 3669 411 3740 est,
435 3664 572 3750 gaudere
594 3664 626 3731 in
651 3665 764 3741 mulis‘,
788 3666 850 3730 hoc
875 3667 925 3731 est
947 3664 1064 3730 uicere:
1088 3666 1184 3728 ‘reete
1211 3661 1260 3726 illi
1287 3659 1336 3735 tit;
1361 3659 1407 3724 eio

270 3770 353 3836 euim
377 3773 536 3836 meretur‘.
559 3770 655 3837 simili
679 3771 773 3836 modo
798 3773 830 3837 et
853 3770 993 3837 saluatur
1015 3770 1119 3835 laetus
1143 3767 1174 3832 in
1197 3766 1290 3833 bouis
1309 3764 1408 3848 operi·

269 3876 331 3941 bue
354 3877 502 3942 moritum
526 3877 663 3942 hominis
687 3876 871 3960 pronuntiat
893 3876 1015 3941 dicens:
1044 3893 1146 3961 euge,
1177 3873 1271 3939 bone
1299 3889 1407 3936 seruo

270 3986 308 4047 st
326 3981 465 4048 fidelia.
484 3983 604 4048 exultat
620 3982 714 4061 onim,
729 3982 803 4066 quia
817 4000 930 4049 semus
945 3981 1120 4067 digniorem
1134 3999 1170 4045 se
1184 3978 1270 4056 feeit,
1285 3976 1408 4042 diceus:

223 4094 252 4137 *ὁ
270 4089 380 4164 ‘bane‘,
403 4088 464 4155 hoo
486 4092 550 4154 est:
574 4093 668 4154 ‘reete
692 4088 798 4175 egisti,
822 4088 871 4154 uti
897 4088 1002 4153 maius
1030 4087 1177 4151 meritum
1207 4083 1408 4151 ooulooaree’.

270 4214 368 4260 unum
399 4195 499 4279 igitur
529 4194 663 4261 uerbum
692 4194 815 4260 duabus
845 4194 1009 4260 contrariis
1036 4192 1141 4258 causis
1169 4194 1306 4274 aptetur.
1335 4206 1406 4253 nem

363 4433 562 4500 incunt,
588 4435 621 4488 15
715 4433 908 4498 apsent
999 4431 1041 4485 ll.
1064 4429 1098 4484 2³
1120 4429 1218 4484 liettls.
1241 4428 1285 4501 25,
1306 4429 1351 4483 21.
1373 4429 1408 4484 28

271 4524 304 4577 16
324 4522 434 4590 Quaest.
453 4524 488 4578 72

306 4647 439 4701 lutoso.
459 4661 477 4697 o
548 4642 741 4715 5profleitK
818 4641 905 4699 oiiieit
923 4640 972 4695 Ka
1043 4641 1177 4696 tutone
1195 4637 1272 4709 (aaa
1290 4653 1313 4693 r.
1332 4637 1409 4704 ΖΗ)

272 4734 302 4788 ll
322 4733 413 4803 iuquit
431 4729 550 4800 euge]
639 4731 671 4785 12
690 4729 789 4799 Dauid]
808 4727 891 4784 ‹lsuid
909 4728 981 4798 quod
1000 4727 1030 4782 D
1127 4727 1224 4799 probro
1243 4729 1273 4781 et
1289 4742 1341 4780 ors.
1358 4725 1408 4780 Ka

272 4823 305 4875 15
324 4820 398 4874 istud
417 4819 467 4873 Ka
505 4820 538 4872 lt
557 4818 628 4872 siout
645 4835 726 4888 supra
743 4817 892 4872 memorsui
910 4832 962 4871 osu.
980 4815 1013 4869 Κ
1053 4816 1085 4871 17
1105 4814 1256 4871 erosssibus
1274 4812 1308 4868 K
1341 4813 1409 4868 ills

271 4908 322 4962 ult.
340 4923 392 4961 oss.
411 4905 461 4960 Ka
519 4904 638 4960 Absslon
657 4904 708 4960 Ka
755 4905 791 4960 22
809 4903 909 4974 laetus]
928 4902 1056 4961 hocloco
1075 4906 1106 4958 ἐκ
1121 4918 1180 4957 rus.
1198 4900 1232 4955 K
1277 4900 1313 4955 28
1331 4916 1409 4954 seruo

271 4995 342 5049 boue
359 4992 410 5047 Ka
444 4992 791 5063 munitissimarum
844 4991 912 5046 feeit
929 4989 962 5044 Κ
999 4986 1409 5061 25b0n01serue(add.euge

271 5098 292 5137 s.
309 5082 338 5148 l.)
352 5080 384 5134 Κ
436 5080 487 5149 uti]
503 5081 605 5134 utinum
620 5079 669 5133 Ka
723 5079 819 5149 maius]
835 5079 873 5133 ibi
888 5079 920 5132 Κ
953 5080 988 5134 26
1003 5079 1090 5133 causis
1105 5080 1192 5134 musis
1211 5080 1273 5143 (ult
1287 5073 1410 5143 ΜΗ)

1321 5180 1372 5234 ³00
