3275 6434
469 1543 592 1606 182
1260 1537 1457 1592 Liber
1492 1539 1954 1608 quaestionum

467 1735 770 1814 patrem
818 1734 897 1795 et
932 1731 1181 1796 alium
1217 1730 1733 1812 paracletum
1770 1729 1998 1796 dabit
2040 1731 2295 1809 uobi8‚
2334 1735 2424 1797 ut
2470 1732 2738 1798 uobis·

465 1855 636 1903 oum
683 1835 914 1901 sitin
961 1839 1397 1913 aeternum,
1446 1835 1830 1920 spiritum
1878 1837 2288 1902 ueritatis.
2338 1855 2483 1903 oum
2540 1837 2740 1902 alium

463 1941 850 2026 paracletum
895 1939 1271 2006 mittendum
1312 1940 1486 2018 dicit,
1525 1960 1594 2006 se
1630 1942 1854 2025 utique
1890 1943 2277 2026 paracletum
2312 1943 2557 2026 probat.
2596 1961 2742 2008 nam

467 2051 532 2111 et
572 2047 810 2132 legitur
854 2046 917 2111 in
964 2045 1241 2127 epistula
1285 2045 1608 2120 Iohannis:
1659 2046 1816 2112 dicit
1852 2047 2045 2112 enim:
2083 2048 2233 2113 hab
2251 2066 2470 2113 emus
2509 2046 2744 2112 aduo-

467 2157 730 2218 catum
788 2151 994 2236 apud
1049 2152 1704 2235 patrem,‚lesum
1763 2153 2196 2231 Christum,
2263 2153 2397 2236 qui
2465 2156 2744 2218 exorat
2803 2174 2831 2216 t·

330 2286 337 2293 ·
467 2279 602 2344 pro
650 2258 1018 2343 peccatis
1064 2259 1400 2335 nostrie,
1440 2262 1505 2323 et
1549 2259 1780 2324 iterum
1830 2258 1989 2323 dicit
2024 2259 2345 2324 dominus:
2386 2277 2532 2343 ego
2573 2277 2744 2324 aum

467 2366 796 2431 ueritas.
841 2383 988 2431 oooe
1032 2367 1245 2447 aperta
1291 2365 1503 2429 unitas
1551 2364 1812 2446 spiritus
1861 2365 2063 2429 sancti
2110 2367 2173 2428 et
2230 2365 2346 2428 tilii
2403 2365 2533 2439 dei;
2586 2381 2749 2447 quae

468 2471 545 2536 de
591 2490 661 2537 se
705 2473 870 2537 enim
918 2471 1112 2550 filius,
1160 2471 1377 2537 eadem
1436 2471 1719 2554 loquitur
1764 2473 1830 2536 et
1877 2470 1952 2536 de
1997 2474 2214 2536 saneto
2262 2471 2511 2554 spiritu.

562 2577 666 2645 16.
711 2577 895 2661 Nune
950 2577 1319 2642 subicienda
1372 2581 1541 2654 sunt,
1597 2596 1757 2658 quae
1812 2577 1875 2641 in
1942 2578 2111 2642 huno
2174 2594 2432 2641 sensum
2497 2575 2751 2642 ordinat

469 2682 798 2765 scriptura.
843 2682 1082 2766 legitur
1125 2682 1188 2746 in
1244 2683 1430 2746 Esaia
1484 2683 1633 2764 quia
1693 2682 2017 2748 dominum
2074 2680 2336 2746 sabaoth
2393 2680 2632 2746 uiderit
2684 2681 2748 2744 in
2787 2701 2845 2747 u:

469 2788 694 2854 throno
722 2788 1075 2852 maiestatis
1104 2786 1447 2865 sedentem,
1471 2806 1661 2870 quem
1682 2786 1989 2852 Iohannes
2011 2785 2403 2871 euangelista
2422 2784 2749 2851 Christum

472 2912 612 2958 esse
639 2893 947 2958 intellexit
975 2892 1189 2958 dicens
1225 2892 1390 2956 inter
1419 2892 1570 2956 alia:
1609 2892 1803 2956 liaeo
1843 2891 2053 2956 dixit
2088 2891 2394 2968 Esaias,
2435 2890 2750 2972 quando

470 2998 687 3063 uidit
746 2997 1259 3062 maiestatem
1317 2997 1494 3061 eius
1557 3001 1636 3060 et
1689 2997 2024 3061 locutus
2081 3001 2206 3061 est
2262 2995 2351 3060 de
2422 3013 2526 3062 eo.
2585 2996 2753 3061 huno

470 3102 797 3186 apostolus
847 3107 1136 3167 sanetum
1185 3102 1340 3167 dicit
1387 3120 1527 3167 esse
1574 3103 1889 3186 spiritum.
1940 3103 2029 3166 ait
2076 3104 2239 3167 enim
2287 3102 2350 3165 in
2400 3102 2754 3168 nouissima

470 3214 647 3292 parte
691 3211 968 3273 Actuum
1024 3207 1506 3290 Apostolorum:
1553 3208 1750 3274 bene
1809 3207 2146 3272 locutus
2203 3211 2329 3271 est
2393 3207 2753 3289 spiritus
2792 3233 2831 3276 a

473 3320 810 3380 sanctus
877 3314 965 3377 ad
1034 3316 1300 3396 patres
1368 3318 1697 3378 uestros
1763 3313 2070 3378 dicens:
2135 3330 2326 3377 aure
2382 3311 2751 3377 audietis

474 3426 550 3487 et
630 3440 773 3486 non
860 3419 1379 3504 intellegitis
1469 3425 1533 3482 et
1606 3422 1829 3484 cetera.
1904 3419 2059 3483 haee
2125 3415 2317 3483 uerba
2388 3437 2424 3480 a
2498 3416 2753 3482 domino

472 3527 732 3593 sabaoth
783 3526 953 3591 diota
998 3529 1162 3589 sunt.
1213 3525 1313 3588 hio
1362 3528 1462 3589 est
1518 3543 1681 3589 unus
1729 3524 1906 3589 deus.
1955 3524 2064 3606 qui
2111 3524 2249 3588 siue
2296 3528 2475 3606 pater
2508 3521 2756 3587 intelle-

474 3639 661 3719 gatur
720 3633 859 3698 siue
922 3631 1092 3697 filius
1158 3632 1293 3696 siue
1360 3631 1621 3713 spiritus
1680 3634 1957 3705 sanctuS,
2018 3649 2135 3694 non
2193 3633 2293 3693 eat
2346 3629 2754 3694 eontrarium.

475 3741 624 3823 quia
667 3758 793 3804 una
837 3756 1052 3802 eorum
1110 3737 1408 3803 diuinitas
1466 3742 1530 3801 et
1584 3740 1868 3820 potestas
1926 3741 2042 3802 est.
2099 3754 2243 3801 nam
2308 3733 2362 3799 si
2427 3733 2489 3798 in
2558 3734 2750 3798 unius
2786 3760 2838 3802 :o

475 3845 773 3929 praefecti
819 3843 1127 3927 praetorio
1174 3847 1635 3927 programmate
1682 3842 1870 3906 etiam
1928 3841 2122 3906 ceteri
2178 3839 2478 3924 praefecti
2536 3838 2754 3905 iubere

474 3952 769 4015 dicuntur
820 3953 1076 4032 propter
1128 3947 1568 4013 auctoritatem
1616 3947 1805 4011 unius
1851 3946 2207 4030 potestatis,
2256 3947 2493 4026 quanto
2541 3945 2754 4028 magis

475 4059 538 4121 in
588 4056 774 4121 unius
831 4055 929 4119 dei
984 4055 1267 4136 imperio,
1326 4054 1382 4118 si
1439 4053 1694 4118 loeutus
1749 4071 1915 4119 unus
1980 4073 2012 4116 e
2078 4050 2282 4116 tribus
2345 4051 2560 4131 fuerit,
2626 4069 2752 4116 non

473 4164 813 4247 incongrue
861 4160 1148 4225 dicentur
1190 4164 1319 4224 tros
1364 4159 1595 4224 locuti!
1654 4162 1755 4223 est
1807 4158 1970 4223 enim
2021 4175 2237 4222 eorum
2284 4158 2350 4221 et
2404 4159 2631 4222 natura
2690 4161 2756 4221 et

478 4268 773 4333 uoluntas
821 4286 960 4331 una.
2786 4284 2841 4328 ἢ

652 4527 687 4578 4
725 4525 749 4579 1
787 4525 902 4578 1011.
940 4527 991 4578 2.
1034 4525 1080 4578 1.
1119 4526 1152 4578 2
1313 4523 1346 4574 6
1384 4521 1499 4575 Iob.
1545 4523 1625 4584 14,
1665 4521 1699 4574 6
1863 4519 1929 4574 10
1969 4520 2036 4574 cf.
2075 4519 2217 4575 Enni.
2258 4521 2308 4582 6,
2350 4519 2374 4572 1
2530 4517 2597 4572 12
2633 4517 2749 4573 1011.

481 4616 560 4670 12.
598 4615 661 4666 41
782 4616 846 4667 15
884 4615 1001 4667 Act.
1040 4615 1126 4685 28,
1164 4613 1249 4666 25.
1289 4611 1358 4666 26

213 4791 446 4858 datm}
553 4792 573 4842 1
616 4789 933 4858 paraclitum
975 4789 1038 4840 N
1070 4787 1399 4856 paraclytum
1446 4786 1490 4836 Χ
1638 4783 1794 4837 uobis
1832 4787 2015 4850 (eras.)
2052 4782 2124 4836 M
2262 4783 2296 4836 3
2333 4779 2645 4836 metendum
2683 4781 2758 4835 M

477 4896 533 4931 se
590 4878 776 4946 utique
832 4875 1162 4946 paracletum
1219 4873 1433 4946 probat}
1490 4873 1654 4927 alium
1710 4871 2041 4941 paracletum
2096 4886 2155 4925 se
2210 4870 2399 4939 utique
2453 4867 2653 4939 probat
2708 4872 2758 4922 1·

477 4969 511 5021 6
548 4966 859 5036 peceatistis
895 4965 989 5031 (tiu
1025 4966 1168 5033 exp.)
1204 4963 1278 5017 M
1397 4962 1431 5015 8
1467 4969 1568 5031 opu
1605 4966 1697 5014 seo
1735 4959 1791 5012 X
1935 4958 2002 5014 10
2036 4959 2305 5029 scriptura
2339 4962 2392 5022 (e
2428 4974 2470 5011 ε.
2512 4961 2648 5021 rae.)
2682 4956 2760 5010 M

479 5056 605 5125 quia
639 5056 696 5125 (n
736 5056 793 5107 iu
829 5059 963 5119 rau.)
1001 5053 1067 5106 N
1096 5070 1198 5107 ono.
1237 5051 1290 5105 Χ
1431 5049 1532 5105 «lna
1574 5048 1728 5104 ΕΓΒ
1893 5048 1955 5103 11
1994 5050 2325 5118 magestate·
2358 5045 2657 5100 sedentem
2681 5044 2759 5098 M

476 5143 726 5200 iohanni·
767 5142 815 5194 G
923 5142 988 5195 13
1024 5140 1237 5195 loeutus
1272 5141 1374 5207 ειη
1411 5138 1465 5192 lo
1493 5137 1567 5191 M
1672 5137 1739 5193 16
1775 5141 1895 5200 seon
1929 5134 2115 5204 (corr.)
2140 5131 2208 5187 N
2312 5132 2373 5186 17
2411 5131 2751 5203 intellegetis

476 5229 646 5286 NAB
808 5227 875 5282 18
912 5229 1086 5298 pater!
1127 5227 1259 5283 add.
1296 5242 1413 5281 em
1453 5224 1611 5281 CNx
1771 5223 1843 5280 20
1878 5224 1959 5293 et]
1998 5228 2055 5278 et
2088 5237 2198 5275 una
2227 5218 2295 5273 N
2447 5219 2514 5274 21
2554 5221 2749 5288 ceteri]

478 5316 763 5374 caelestem
805 5316 854 5368 X
1032 5315 1316 5387 prae-teeti
1349 5312 1422 5367 M
1580 5311 1651 5367 28
1689 5313 1848 5366 unina
1881 5309 1930 5363 0
1958 5310 2160 5379 (cort),
2186 5305 2252 5360 N
2388 5307 2441 5376 e]
2480 5313 2540 5360 et
2573 5305 2761 5361 Men·

475 5405 546 5458 24
582 5403 794 5458 dicotur
825 5402 891 5457 N
