3275 6434
665 1420 742 1494 cap.
759 1421 863 1480 exim
880 1423 997 1479 aa-aa.
1334 1427 1400 1492 315

260 1615 310 1682 aie
332 1635 408 1702 ergo
430 1616 536 1702 legem
558 1615 707 1703 dignatur
735 1619 786 1683 eat
811 1615 895 1694 dare,
922 1620 961 1682 ut
985 1635 1077 1682 nemo
1104 1615 1280 1702 ambigeret
1305 1616 1400 1682 deum

260 1740 334 1788 aare
357 1721 412 1806 qui
434 1721 574 1790 tradidit.
597 1722 702 1807 patum
725 1721 809 1789 enim
832 1725 866 1788 et
887 1721 1055 1788 manifeste
1080 1722 1149 1789 nina
1176 1726 1226 1788 eat
1253 1722 1400 1789 omnibua

260 1828 413 1894 maiestas
435 1827 487 1894 tei
509 1828 541 1894 in
572 1830 661 1894 tanto
688 1827 813 1911 fulgore
840 1830 874 1893 et
900 1829 1028 1903 terrore.
1055 1828 1094 1892 ut
1119 1829 1151 1892 et
1177 1829 1401 1910 praeteream

215 1941 231 1985 ⁸
260 1950 355 1999 nemo
376 1933 459 2000 aliua
482 1933 562 2000 dena
585 1931 765 2000 crederetur
794 1934 837 2011 et,
865 1932 949 2017 quod
972 1930 1113 2010 iubebat,
1141 1930 1227 1997 omni
1254 1931 1400 1998 obaerua·

225 2037 348 2102 atione
369 2037 502 2123 dignum
525 2037 702 2104 haberetur.

306 2143 359 2209 26.
381 2143 425 2209 nt
454 2147 493 2209 ut
523 2143 629 2209 omnia
665 2140 794 2209 deifloae
830 2141 944 2208 rationi
981 2141 1180 2219 eonueuiant‚
1214 2140 1402 2226 inspicietur

260 2246 379 2313 tradita
404 2247 465 2328 lex.
494 2248 523 2315 ai
550 2247 628 2331 quio
653 2246 686 2314 in
714 2267 752 2314 ea
777 2246 945 2327 iniurium,
973 2247 1002 2314 ai
1029 2247 1105 2331 qnid
1132 2247 1346 2327 inhonestum,
1373 2248 1402 2314 ei

260 2351 338 2436 qnid
368 2352 588 2421 ridionloaum.
616 2352 664 2420 aio
695 2353 837 2439 oportuit
863 2352 957 2420 deum
984 2353 1191 2430 innoteaoere,
1215 2371 1276 2419 non
1305 2356 1343 2419 ut
1367 2354 1400 2420 iu

260 2457 377 2544 augule
398 2477 455 2542 per
476 2457 673 2543 inposterum
692 2462 865 2544 appareret
884 2459 938 2542 qui
956 2457 1061 2524 alandi
1080 2477 1141 2524 non
1160 2462 1279 2542 potest,
1297 2477 1400 2543 neque

215 2561 294 2628 rein
322 2561 442 2646 speleo,
470 2563 526 2629 nbi
555 2563 644 2630 aliud
670 2567 721 2630 eat
746 2581 842 2647 quam
869 2563 1008 2630 oernitur
1035 2567 1182 2647 operante
1209 2562 1404 2631 inlecebroaa

261 2667 397 2746 ialhoia,
419 2687 521 2752 neque
543 2687 581 2735 ea
603 2668 758 2735 oernenda
779 2668 926 2747 traderet,
944 2687 1036 2752 quae,
1059 2671 1187 2752 propter
1209 2669 1293 2752 qnod
1312 2669 1401 2736 inho·

261 2779 354 2840 neata
374 2775 491 2852 errent,
514 2773 546 2839 in
568 2773 708 2839 tenebria
732 2777 923 2858 gererentur.

305 2881 359 2945 27.
381 2878 463 2947 (ium
485 2879 570 2945 enim
592 2879 687 2945 urina
710 2877 762 2946 dei
784 2878 898 2944 notitia
920 2879 1104 2945 oblitterata
1126 2884 1214 2946 eaaet
1230 2879 1262 2944 in
1282 2879 1399 2947 mundo

261 2984 489 3052 eonauetudine
502 2983 717 3069 delinquendi,
731 2985 805 3066 qnia
819 2983 1018 3050 mendacium
1035 2987 1181 3051 uelamen
1200 2985 1402 3069 praestiterat

216 3089 401 3167 teneritati,
424 3089 563 3157 alemena
585 3093 618 3157 et
640 3090 819 3156 miaerioora
841 3089 920 3155 deuo
943 3090 1054 3156 nolena
1072 3108 1153 3172 opna
1179 3108 1274 3156 annm
1299 3090 1401 3174 perdi-

262 3194 342 3261 tioni
374 3196 542 3262 obnoxium
570 3195 638 3262 fieri
672 3194 804 3261 uisitare
836 3193 984 3280 dignetur
1012 3198 1063 3261 eat
1089 3214 1189 3280 genua
1217 3195 1402 3274 humanum,

263 3318 326 3367 non
353 3300 402 3368 aio
427 3319 579 3386 apparere
607 3301 693 3367 aiout
719 3300 763 3378 hi,
792 3300 849 3384 qui
875 3299 956 3366 falao
986 3299 1020 3366 oi
1045 3300 1198 3385 appellari
1220 3301 1401 3380 noluerunt,

263 3406 332 3488 aed,
354 3408 441 3475 aiant
461 3411 511 3474 eat
534 3407 653 3473 ueritas
676 3406 737 3481 dei,
760 3407 807 3472 ita
829 3422 864 3472 ae
883 3405 1110 3484 manifestarit,
1128 3410 1167 3472 nt
1184 3425 1318 3472 errorem
1336 3405 1402 3472 adi·

262 3517 375 3592 meret,
394 3513 449 3598 qni
467 3512 618 3579 [deornm
643 3512 773 3578 deorum
795 3511 1027 3597 praedieatione
1048 3511 1160 3578 mnndi
1182 3530 1313 3578 aeneum
1336 3530 1402 3577 eor·

218 3642 248 3688 ao
264 3622 403 3703 ruperat
435 3617 569 3702 denique
601 3636 698 3703 aupra
730 3619 876 3683 aenoenta
901 3617 990 3681 milia
1016 3616 1181 3682 hominum
1208 3636 1337 3702 egreaaa
1363 3616 1402 3682 de

263 3723 411 3810 Aegypto
440 3724 587 3790 uidentes
614 3727 646 3789 et
669 3725 897 3808 cognoscenter
921 3722 1084 3789 dominnm
1108 3723 1191 3788 huno
1214 3741 1285 3789 aare
1308 3739 1403 3806 anpra

264 3847 375 3896 omnen
411 3849 448 3897 en
478 3829 662 3914 apparentia
690 3827 860 3894 ineffabilia
896 3827 1015 3913 gloriae
1051 3827 1225 3912 proximare
1257 3826 1298 3893 ad
1328 3844 1402 3892 eum

264 3935 451 4015 timuerunt,
474 3934 531 4002 aed
551 3935 646 4019 longe
669 3936 800 4000 curuato
819 3952 901 4018 genn
920 3932 1139 3999 adorauerunt
1160 3934 1273 4016 poatea
1296 3949 1403 4015 proae-

355 4175 424 4232 toi.
442 4175 491 4232 Ea.
511 4175 554 4239 19,
574 4173 749 4242 1141120,
770 4173 803 4229 18
875 4172 945 4228 eet.
967 4175 1025 4227 Aet
1044 4172 1141 4240 2126
1223 4173 1257 4228 lt
1275 4171 1309 4228 ei.
1327 4171 1403 4226 Hier.

265 4280 357 4336 aaepe.
375 4265 436 4319 Act.
454 4264 498 4328 15,
517 4264 551 4318 14
623 4264 657 4316 18
676 4261 710 4317 ai.
729 4263 805 4318 Rom.
825 4262 851 4330 8,
869 4262 885 4316 7
905 4264 956 4316 ete.
1024 4260 1060 4315 20
1077 4258 1403 4325 ei.Ea.18‚87.Nnm.

267 4353 313 4420 11,
330 4353 362 4408 21
418 4351 571 4410 aaran
589 4350 633 4416 20,
654 4351 687 4407 18

306 4494 319 4548 l
338 4493 363 4548 ai
379 4491 413 4548 N
480 4492 497 4545 2
514 4490 630 4547 tradidit
647 4490 708 4547 edd.
726 4490 813 4546 tradit
830 4491 907 4548 eodoi.
1001 4489 1191 4546 maniieatac'
1258 4490 1403 4546 tumnino

268 4581 324 4638 GA
408 4580 548 4636 tratione
570 4581 664 4648 (σου.)
682 4579 712 4634 N
818 4580 962 4635 conueniat
983 4585 1065 4649 (oon.
1086 4583 1144 4648 ort)
1162 4579 1193 4634 N
1285 4580 1301 4634 7
1324 4580 1404 4633 inea

265 4668 408 4739 inimatum]
425 4669 453 4722 in
471 4669 531 4723 eain
549 4668 649 4724 iuatnm
671 4666 700 4736 0,
719 4668 801 4738 (eom
818 4671 867 4722 nrt
883 4670 912 4723 in
931 4669 992 4723 eain
1008 4669 1151 4736 iniuatnm)
1169 4667 1248 4734 N‚X
1286 4667 1403 4737 tappa·

265 4761 342 4814 rarat
359 4756 384 4813 0
419 4755 451 4813 10
468 4756 556 4828 apelio
568 4755 606 4810 N
620 4755 713 4828 apeleo
731 4756 767 4826 (7)
784 4758 865 4828 (oon.
882 4757 1004 4827 apeoulo)
1017 4755 1049 4811 N
1100 4772 1154 4826 qna
1172 4754 1245 4825 0,N
1259 4758 1361 4822 (eom),
1373 4753 1406 4807 X

267 4845 304 4900 12
321 4847 484 4915 merentur
499 4843 552 4900 ΟΧ
587 4845 621 4900 14
637 4845 748 4900 -anema
764 4845 876 4901 ueritati
893 4845 1011 4900 alemena
1027 4847 1057 4898 et
1073 4845 1125 4899 mi·
1137 4861 1190 4901 on.
1202 4842 1280 4914 (odd.
1292 4852 1355 4913 unp.)
1368 4841 1407 4897 1

270 4933 304 4988 15
321 4933 429 4987 mritati
440 4932 477 4987 N
524 4933 558 4989 16
577 4930 705 5001 dignatur
723 4935 767 4988 eat
784 4949 871 5002 genua
888 4932 1037 4987 humanum
1055 4949 1109 4987 non
1128 4948 1181 4989 oar.
1200 4931 1276 4997 (odei
1294 4933 1357 5001 aro.)
1370 4929 1407 4984 N

269 5021 303 5076 17
321 5021 361 5076 nii
381 5019 464 5075 GNX
542 5020 580 5075 nii
596 5019 710 5075 PONX
788 5021 924 5092 appellare
942 5020 975 5075 N
989 5024 1090 5089 (eura),
1107 5020 1139 5075 X
1211 5020 1357 5075 uoluerunt
1374 5018 1406 5073 X

269 5108 305 5163 12
323 5109 381 5180 qai]
401 5109 509 5179 qniaO
559 5109 707 5180 oorriparat
726 5108 800 5170 C.N
813 5109 894 5179 (corr.
910 5113 968 5181 arti)
1011 5108 1048 5165 22
1066 5126 1159 5164 omnen
1176 5125 1228 5164 oar.
1249 5107 1405 5179 Gaurano

267 5204 323 5253 at:
340 5198 434 5269 itaqu
449 5198 483 5253 ira
499 5198 645 5269 metaetypo
662 5198 778 5255 actum
794 5215 853 5254 noa
872 5204 982 5268 poterat
999 5198 1061 5270 tayo)
1168 5197 1328 5268 apparentia
1346 5195 1407 5251 NX

267 5283 305 5341 21
321 5290 432 5343 eornatu
450 5287 488 5342 11
502 5292 615 5344 armatu
634 5287 666 5344 N
679 5287 782 5359 (eom).
798 5286 831 5343 F
845 5288 963 5345 ouruati·
975 5286 1004 5341 B
