3275 6434
699 1399 774 1472 Gap.
791 1400 875 1456 ¹11ss
893 1401 1003 1456 Ην.
1374 1410 1414 1474 41

271 1592 329 1669 isi,
362 1595 402 1658 ut
432 1591 464 1657 in
491 1592 683 1661 nenessitate
716 1591 840 1659 duabus
876 1592 1123 1680 suffragantibus
1157 1595 1263 1661 causis
1296 1596 1417 1663 miseri·

270 1697 409 1765 eoruism
432 1697 575 1782 stupere
597 1701 765 1777 mereatur,
792 1698 868 1782 quia
890 1702 923 1765 et
944 1700 1014 1784 inse
1037 1699 1089 1765 dei
1112 1701 1217 1767 uultur
1246 1704 1296 1767 est
1325 1706 1359 1769 at
1381 1722 1418 1769 ex

269 1805 338 1871 sius
361 1803 485 1870 semine
507 1806 568 1881 est,
592 1805 649 1888 qui
671 1805 829 1873 annuerit
849 1805 957 1875 deum.
980 1810 1013 1873 et
1035 1806 1067 1872 in
1092 1807 1152 1873 bue
1176 1808 1344 1874 elementia
1366 1809 1416 1875 dei

268 1909 441 1976 laudabilis
455 1913 515 1990 est,
524 1913 562 1976 ut
576 1909 650 1977 onio
664 1911 856 1978 habentibus
872 1931 906 1979 se
920 1913 1068 1996 nequem
1082 1914 1208 1978 tertiam
1224 1917 1257 1978 et
1270 1917 1415 1996 quartam

245 2015 381 2082 smddst
405 2017 588 2103 progeniem
619 2021 652 2083 et
679 2019 796 2084 nonin
819 2018 910 2083 milia
933 2018 1069 2097 milium,
1097 2025 1134 2084 ut
1161 2018 1189 2084 si
1218 2020 1250 2085 in
1273 2019 1417 2102 quintam

267 2123 451 2208 progeniem
471 2125 609 2188 truntum
623 2123 721 2189 fuerit
734 2123 865 2202 mulum,
880 2123 952 2189 inde
969 2125 1085 2189 iterum
1100 2129 1198 2208 eaput
1211 2125 1327 2191 habere
1341 2126 1417 2191 inei-

267 2229 345 2311 niat,
357 2232 399 2294 ut
411 2247 449 2294 ex
463 2246 500 2294 eo
515 2231 699 2295 numeretur
712 2248 814 2312 usque
828 2229 869 2296 nd
882 2231 1009 2296 tertiam
1020 2234 1053 2296 et
1062 2234 1206 2314 quartam
1222 2232 1417 2315 progeniem.

311 2335 343 2400 5.
382 2333 448 2402 Sed
483 2334 570 2400 (linet
604 2335 690 2417 quis:
732 2336 866 2401 ‘auctori
902 2336 1006 2421 magis
1048 2336 1187 2420 amplius
1222 2336 1416 2403 reddendum

267 2440 392 2506 iustum
420 2439 558 2520 uidetur,
586 2459 682 2524 quam
709 2441 886 2508 imitatori)
913 2442 945 2507 in
974 2444 1135 2509 auctorem
1164 2461 1302 2526 congrua
1325 2443 1419 2509 datur

233 2567 254 2609 ro
268 2546 423 2625 uindicta,
446 2545 523 2613 tiliis
546 2550 654 2613 sutem
677 2547 762 2631 quod
783 2547 859 2633 plus
878 2547 957 2613 dicit
975 2547 1074 2627 reddi,
1094 2567 1195 2632 poena
1213 2552 1263 2613 eet
1279 2550 1416 2633 patrum.

269 2657 300 2719 et
320 2653 351 2718 ei
375 2670 520 2736 quaeres,
543 2671 676 2719 ueeessu
699 2652 780 2740 legis
804 2656 986 2737 peccateres
1005 2654 1078 2738 plus
1098 2652 1179 2719 fiunt
1197 2654 1253 2731 rei,
1277 2654 1364 2720 sieut
1386 2659 1418 2720 et

269 2758 406 2825 hmseh
430 2761 463 2824 et
480 2761 556 2844 post
572 2757 718 2824 Lamech.
738 2757 931 2842 quibusdam
949 2763 1055 2824 tumen
1074 2758 1202 2825 uidetur
1225 2759 1271 2824 sie
1295 2758 1419 2826 redditu

269 2883 338 2933 esse
361 2867 494 2950 pennata
515 2867 642 2948 patrum
665 2863 698 2929 in
720 2863 815 2943 tilios,
840 2863 916 2930 dum
933 2863 967 2930 in
986 2865 1206 2948 captiuitatem
1230 2865 1319 2931 ducti
1342 2872 1418 2931 eunt

270 2988 366 3036 ausa
387 2973 516 3055 panum
539 2972 573 3035 et
594 2969 724 3036 inerunt
745 2970 792 3035 ibi
814 2988 915 3054 usque
939 2970 979 3037 ad
1002 2975 1148 3054 quartam
1171 2971 1416 3056 generationem.

235 3075 355 3161 nqund
377 3075 407 3141 si
430 3094 544 3142 uerum
566 3079 713 3155 estnon
736 3076 841 3142 solum
865 3076 937 3144 odio
961 3076 1152 3142 habentibus
1181 3095 1215 3143 ee
1244 3077 1322 3143 deus
1349 3076 1418 3143 red·

270 3181 349 3248 didit
370 3184 504 3266 peuesta
525 3186 661 3267 patrum,
686 3181 744 3248 sed
767 3185 800 3248 et
828 3181 1036 3268 diligentibus
1064 3201 1178 3248 nomen
1208 3202 1313 3262 suum,
1342 3182 1417 3266 quin

270 3291 299 3354 rt
320 3287 460 3355 Danihel
482 3287 640 3355 abductus
664 3291 715 3354 set
737 3293 770 3354 et
791 3291 857 3354 tres
880 3288 971 3372 pueri
995 3292 1028 3354 et
1046 3290 1172 3354 Bameh
1192 3292 1225 3354 et
1247 3287 1416 3355 Eusebihel

271 3395 449 3461 etflendra
471 3395 539 3461 illie
562 3398 734 3461 natusest
757 3394 880 3477 liquido
906 3413 980 3479 ergo
1004 3400 1134 3479 apparat
1152 3395 1233 3460 illud
1251 3396 1417 3461 conuenire

271 3499 450 3585 prepositae
474 3498 662 3583 quaestioni,
685 3498 771 3582 quod
794 3517 892 3581 supra
915 3498 1060 3564 dmimus.

242 3727 334 3794 nav,
348 3725 444 3793 CUM
457 3725 620 3793 IUSTUM
633 3724 871 3793 Pnnnnlonn
885 3726 968 3792 Lux
983 3726 1035 3791 ET
1049 3726 1122 3793 1110
1139 3725 1251 3792 URBE
1265 3727 1416 3796 lussus

273 3832 342 3912 SI'l',
353 3831 431 3913 QUI
440 3831 614 3899 Pium
622 3831 764 3898 nanus
777 3830 1007 3913 ΙΠὸΤῙΤΙΔΜ,
1019 3830 1187 3898 CONTRA
1201 3831 1417 3900 SOLOMON:

455 3935 590 4016 nom:
610 3936 692 4016 ΔΙΤ,
714 3935 826 4003 ‘ESSE
854 3934 1005 4004 Iussus
1030 3937 1234 4004 MULTUMJ

310 4078 421 4146 Nimia
434 4078 559 4145 iustitia
572 4077 706 4145 incurrit
719 4081 896 4163 peecatum,
909 4082 1086 4163 temperata
1103 4098 1180 4145 uero
1199 4080 1324 4145 iustitia
1340 4079 1418 4145 iacit

275 4186 439 4269 putentes.
462 4205 524 4252 nnn
547 4185 634 4252 enim
655 4185 723 4251 sine
750 4183 875 4251 mulitia
898 4188 948 4250 est
976 4185 1031 4269 qui
1054 4185 1193 4251 multum
1221 4189 1273 4252 est
1301 4186 1417 4264 iustus,

246 4293 343 4376 equis
375 4291 583 4377 pensantibus
615 4290 655 4356 ad
687 4290 815 4376 singula
847 4290 876 4357 si
907 4290 1109 4374 respondens,
1141 4310 1202 4357 non
1236 4291 1336 4357 deerit
1361 4291 1416 4356 ubi

278 4417 394 4483 peones
424 4398 560 4481 denique
589 4397 640 4463 dei
667 4400 845 4482 temperata
867 4395 994 4462 institia
1016 4401 1077 4463 est.
1107 4397 1312 4480 pereuntibus
1335 4397 1417 4461 enim

357 4640 392 4694 12
411 4638 448 4696 ui.
466 4636 534 4695 Gen.
551 4639 579 4706 ⁴,
596 4639 633 4694 Μ
686 4638 722 4693 22
740 4637 830 4693 Eone.
849 4639 875 4703 7,
895 4638 928 4693 17
947 4638 1005 4705 (le)

302 4829 392 4900 bestl
411 4830 471 4885 eius
491 4828 516 4885 0
584 4828 678 4901 8qui]
697 4829 762 4900 quis
777 4828 812 4882 N
899 4827 1071 4883 elementiam
1089 4826 1126 4881 Μ
1191 4830 1207 4883 5
1226 4827 1323 4883 reddet
1339 4828 1418 4896 N,X

276 4922 348 4985 (serr.
365 4917 483 4989 ms)
588 4918 666 4973 mitia
682 4918 712 4973 in
731 4918 771 4985 (iu
789 4920 871 4984 aas.)
889 4917 926 4971 Μ
1003 4919 1021 4972 t
1044 4915 1142 4987 quinta
1157 4915 1194 4980 F,
1213 4916 1294 4986 (eurr.
1312 4920 1369 4982 ssa)
1388 4917 1417 4970 B

276 5007 373 5064 suet
389 5007 449 5063 Px
502 5007 534 5062 11
555 5007 682 5063 seesnub
700 5007 793 5077 (eurr.)
813 5005 991 5062 aneessum
1011 5006 1065 5062 ΟΔ
1126 5007 1159 5060 18
1178 5005 1340 5075 captuitate
1357 5004 1419 5059 NX

278 5096 306 5152 lt
323 5096 442 5154 ueabiel
458 5096 526 5151 ΠΧ
542 5096 709 5152 «nesebibel
725 5092 759 5150 N
837 5096 871 5151 19
890 5099 1019 5168 preneste
1038 5094 1180 5166 questione
1198 5092 1235 5147 Μ
1309 5092 1364 5147 (lixi
1382 5093 1418 5148 Μ

278 5184 364 5241 utta
379 5184 596 5257 pnedieetNX
666 5188 696 5241 et
713 5183 974 5239 bie....institium
993 5181 1120 5239 nse.NX
1203 5181 1239 5236 22
1257 5182 1297 5237 ait
1315 5181 1371 5235 noli
1390 5181 1418 5234 P

279 5274 310 5331 tt
325 5275 458 5346 perram·
473 5273 499 5330 0
549 5273 586 5330 bt
603 5272 648 5330 dei
665 5272 829 5344 temperntal
847 5273 915 5329 item
933 5274 1046 5344 peecata
1062 5270 1099 5325 Μ
