3275 6434
579 1395 653 1468 cap.
674 1394 909 1450 xx1-xxu1e.
1270 1402 1312 1463 49

170 1589 356 1673 inpeccatis
371 1587 539 1664 morietur3
560 1588 664 1654 Dauid
678 1606 753 1654 uero
769 1587 808 1653 de
821 1588 1014 1672 perfectione
1028 1588 1170 1655 iustitiae
1182 1589 1311 1655 locutus

169 1700 226 1774 est,
240 1696 320 1779 quia
331 1713 424 1761 nemo
438 1694 665 1761 iustificabitur
681 1695 765 1779 opud
784 1694 957 1773 dominum,
972 1694 1087 1780 dignus
1101 1695 1312 1778 promissione

168 1802 220 1880 sit,
248 1801 314 1866 nisi
342 1800 441 1866 inerit
466 1805 613 1867 mortuus
642 1819 715 1866 cum
741 1800 876 1866 iustitie.
909 1819 1004 1883 quem
1033 1800 1087 1865 diu
1111 1800 1195 1866 euim
1218 1800 1312 1878 uiuit

167 1906 271 1972 sdbue
308 1906 491 1972 futurorum
527 1906 677 1971 meritum
713 1924 774 1971 non
812 1905 910 1972 babet
943 1906 1083 1989 plenum.
1117 1905 1201 1971 unde
1234 1905 1314 1971 dicit

141 2012 327 2080 sealuetor:
341 2011 407 2095 qui
425 2012 735 2095 perseuerauerit
752 2030 873 2094 usque
890 2010 935 2076 ed
953 2011 1079 2090 linem,
1098 2010 1159 2076 bio
1179 2012 1311 2077 selune

169 2118 253 2184 erit

169 2395 287 2461 XXlll.
309 2392 648 2461 munemundus
668 2392 763 2460 SINT
781 2391 946 2458 emunit
966 2391 1089 2459 SICUT
1107 2389 1310 2458 CORPORA.

212 2540 242 2602 l.
256 2537 465 2603 Inhonestum
481 2538 571 2618 puto,
585 2535 613 2600 si
632 2533 776 2599 dicentur
793 2534 917 2598 enimse
931 2552 1004 2599 cum
1020 2534 1205 2616 corporibus
1223 2552 1314 2620 gene

170 2643 239 2722 reri,
277 2647 316 2708 ut
351 2642 456 2707 enimn
492 2642 641 2705 nuscetur
677 2658 713 2705 ex
744 2639 860 2717 enimn,
893 2638 976 2723 quod
1008 2658 1065 2705 neo
1097 2639 1219 2704 mimae
1250 2639 1314 2720 ipsi

135 2765 158 2807 ιι
172 2749 321 2834 conpetit.
345 2751 402 2812 sut
422 2747 451 2812 si
474 2750 558 2812 certe
581 2746 726 2830 singulae
749 2745 903 2810 coelestes
922 2749 1097 2827 potestates
1116 2745 1220 2809 luctee
1238 2749 1315 2809 eunt

172 2859 261 2920 etex
282 2853 365 2937 ipsis
389 2856 512 2917 ceteree
535 2854 627 2916 natm
650 2853 735 2928 eunt,
758 2854 866 2934 potest
888 2854 920 2915 et
943 2869 979 2915 ex
1006 2869 1069 2915 une
1094 2848 1181 2915 Adue
1210 2849 1315 2914 enimn

174 2957 323 3024 credibile
345 2956 446 3022 uideri
470 2967 590 3021 ceteras
609 2955 720 3021 nesci?
739 2955 796 3022 sed
815 2975 877 3021 nou
896 2956 1054 3034 conuenit
1072 2955 1147 3038 quie
1170 2954 1231 3020 soli
1255 2954 1313 3019 deo

174 3065 231 3130 boc
254 3063 409 3148 possibile
431 3063 504 3140 fuit,
526 3066 565 3128 ut
587 3061 721 3148 simplex
743 3066 916 3146 generaret,
940 3080 998 3127 neo
1021 3062 1135 3127 cetenis
1163 3060 1313 3127 concede·

175 3176 267 3235 retur.
299 3169 385 3251 quod
417 3172 484 3233 tem
516 3169 689 3251 mysticum
716 3172 767 3233 est
792 3169 824 3233 in
854 3187 950 3233 cause
977 3168 1158 3245 saluatoris,
1187 3170 1313 3232 utnon

143 3276 275 3340 stolum
304 3294 323 3338 e
350 3274 428 3340 eolis
455 3274 629 3359 gentilibus
657 3274 710 3339 uel
737 3273 875 3352 ludaeis,
904 3291 1014 3339 uerum
1043 3273 1140 3337 etium
1163 3272 1202 3337 eb
1225 3272 1315 3356 ipsis,

175 3381 225 3464 qui
242 3379 442 3446 Christianos
460 3399 495 3445 se
509 3379 629 3457 dsunt,
647 3379 832 3445 incredibile
850 3382 994 3463 putetur;
1010 3382 1043 3444 et
1055 3376 1213 3443 Fotinieui
1232 3376 1315 3443 enim

176 3491 205 3551 et
225 3486 350 3552 Arrieni
373 3486 454 3551 hunc
476 3484 571 3551 tidem
595 3489 756 3566 spernunt

214 3593 244 3655 t
273 3591 358 3656 Nem
385 3591 415 3656 si
441 3609 478 3656 eo
510 3593 749 3673 temporeque
781 3590 958 3655 seminetur
989 3607 1114 3671 corpus,
1148 3590 1181 3651 ct
1212 3587 1315 3652 enimc

176 3700 341 3780 generatur
364 3696 539 3772 exanima,
563 3696 602 3761 de
624 3695 725 3760 Adam
750 3698 871 3761 costum
895 3695 1052 3760 sublatam
1076 3694 1227 3778 legimus,
1254 3711 1316 3757 nou

146 3808 277 3867 tumen
301 3802 440 3867 animem
463 3805 570 3867 netum
599 3819 635 3865 ex
663 3802 781 3878 euime3
810 3800 867 3865 sed
895 3801 923 3866 si
952 3803 1041 3865 coste
1067 3817 1176 3864 secum
1205 3797 1318 3862 bubuit

178 3909 320 3987 smmum,
344 3909 408 3973 iem
431 3927 493 3974 uon
516 3909 590 3972 nete
611 3911 672 3986 est,
699 3906 757 3973 sed
783 3907 925 3972 detrecto
953 3906 984 3971 in
1013 3908 1146 3990 purtem.
1173 3903 1230 3970 sed
1257 3923 1315 3969 neo

177 4014 228 4080 boc
260 4014 419 4098 seriptum
452 4017 512 4079 est.
540 4012 663 4097 proietu
687 4013 770 4078 euim
798 4012 965 4078 Zecberies
993 4012 1076 4077 inter
1102 4015 1223 4076 ceteros
1252 4011 1315 4093 qui

176 4119 348 4201 plasmas,
361 4119 476 4201 inquit,
492 4118 649 4183 animem
668 4117 831 4184 bominis
850 4119 887 4183 in
905 4137 996 4183 eum.
1012 4134 1069 4181 neo
1083 4115 1193 4181 lisoius
1209 4113 1314 4179 abbis

176 4224 362 4290 dissentiens
386 4224 446 4289 nit:
475 4224 532 4289 sic
560 4222 658 4289 dicit
684 4223 858 4288 domiuus
887 4223 980 4289 deus
1008 4221 1071 4305 qui
1099 4220 1193 4287 lecit
1217 4224 1253 4283 te
1278 4228 1315 4284 et

257 4518 275 4568 5
297 4514 400 4569 ldsttb.
423 4515 466 4580 lo,
489 4515 533 4570 22.
557 4514 601 4583 24,
626 4515 668 4569 13.
690 4514 771 4570 uere
797 4515 839 4578 13,
866 4514 899 4568 13
1021 4513 1055 4567 13
1079 4511 1113 4567 ci.
1138 4509 1206 4566 Gen.
1230 4510 1256 4571 2.
1275 4509 1309 4564 21

176 4604 203 4658 22
220 4602 302 4659 zuo.
323 4601 366 4670 12,
386 4603 399 4656 1
454 4602 490 4659 24
509 4602 580 4658 Enni.
599 4601 680 4667 443

207 4813 313 4882 luero]
327 4827 392 4880 ergo
408 4809 462 4867 θΔ
503 4810 624 4880 inemo]
638 4827 692 4865 non
706 4810 738 4864 X
789 4808 869 4864 deum
883 4809 940 4864 PX
991 4806 1143 4877 dominnm]
1164 4809 1195 4859 ut
1208 4804 1274 4860 odd
1287 4803 1316 4858 P

177 4899 396 4956 tenimon.X
482 4897 729 4953 ledbnooml
828 4897 1063 4953 beddlineet.
1148 4895 1313 4963 8genermc

177 4991 259 5053 (eon.)
276 4987 315 5040 31
383 4986 478 5056 ιιίριο
495 4984 532 5040 Μ
603 4987 635 5041 ll
655 4991 685 5040 et
703 4986 754 5042 alt.
772 5002 826 5042 cm.
843 4986 874 5041 N
944 4983 1079 5057 snimpt'
1150 4983 1182 5036 13
1200 4980 1259 5050 nec]
1277 4994 1313 5035 ne

179 5074 259 5130 uox
335 5075 368 5129 ld
387 5075 452 5129 binc
470 5073 603 5129 refutetur
620 5074 683 5128 Nx
785 5073 926 5130 loti-nimi
943 5073 981 5128 M
996 5070 1153 5127 sentiment
1174 5068 1311 5124 Oiotienl

179 5164 260 5228 (coer.)
278 5162 305 5217 G
376 5163 412 5217 23
431 5162 549 5232 plesmst
567 5162 599 5216 X
685 5163 776 5233 inquit
794 5162 891 5218 otest*
973 5177 1023 5217 nee
1039 5159 1145 5228 Rutu}
1165 5157 1313 5212 ucecensis

180 5253 248 5311 (corr.
265 5249 437 5315 necessariis)
459 5249 484 5305 0
535 5250 570 5304 24
588 5254 616 5305 te
635 5268 686 5307 om.
705 5251 784 5319 Μ,Β
804 5250 880 5319 (cdd.
899 5254 956 5320 ¹2⁸3)

205 5369 226 5412 u
238 5373 342 5423 resen.
358 5374 456 5422 Qum.
470 5376 524 5413 me
1257 5348 1275 5401 ⁴
