3275 6434
485 1497 613 1564 148
1270 1496 1469 1552 Liber
1503 1497 1970 1569 quaestionum

481 1693 613 1756 tros
669 1689 819 1768 sint,
874 1706 997 1755 non
1049 1689 1266 1774 plures
1319 1694 1433 1756 aut
1484 1689 1661 1756 infra.
1717 1691 1922 1757 omnis
1978 1691 2145 1757 enim
2200 1710 2500 1759 numerus
2558 1711 2765 1778 usque

482 1792 563 1860 ad
607 1812 834 1861 nouem
871 1795 1181 1879 peruenit,
1228 1794 1377 1879 quia
1409 1798 1561 1876 tres,
1596 1795 1749 1862 dum
1786 1795 2062 1862 inuicem
2099 1795 2165 1861 in
2203 1816 2273 1864 se
2310 1802 2482 1875 sunt,
2520 1797 2767 1864 faciunt

483 1917 742 1966 numero
792 1919 1043 1979 nouem,
1099 1901 1248 1983 quia
1306 1901 1367 1966 in
1425 1919 1550 1968 uno
1596 1904 1728 1967 tres
1776 1903 1927 1966 sunt
1970 1905 2036 1967 et
2080 1905 2209 1968 tres
2255 1902 2319 1968 in
2368 1922 2588 1970 unum.
2654 1905 2764 1987 qui

482 2005 647 2072 enim
695 2005 874 2071 uidet
916 2025 1135 2084 unum,
1183 2005 1363 2072 uidet
1405 2010 1556 2086 tres,
1604 2005 1757 2072 dum
1794 2006 1950 2072 nihil
1989 2006 2198 2073 differt
2233 2007 2393 2074 alter
2428 2008 2505 2074 ab
2546 2010 2764 2076 altero.

481 2115 612 2178 tres
659 2131 809 2198 ergo
855 2131 1052 2179 unum
1108 2117 1175 2179 et
1216 2117 1317 2179 ter
1357 2116 1487 2180 tres
1535 2132 1764 2191 unum3
1826 2113 1947 2179 hoe
1994 2116 2112 2191 est,
2158 2113 2222 2179 in
2279 2133 2441 2181 nono
2498 2133 2763 2181 numero
2821 2137 2843 2180 s

480 2217 782 2301 perfectio
828 2222 947 2297 est,
995 2221 1300 2304 quantum
1337 2219 1418 2286 ad
1454 2238 1786 2285 numerum
1823 2219 2116 2304 pertinet,
2154 2219 2302 2304 quia
2337 2220 2415 2286 ‹le
2450 2239 2579 2287 uno
2617 2225 2767 2286 sunt

483 2324 713 2390 omnia.
750 2323 966 2390 addito
1003 2326 1170 2391 enim
1199 2343 1343 2407 uno,
1371 2344 1444 2391 ex
1479 2343 1604 2410 quo
1641 2325 1750 2392 uel
1784 2325 1848 2392 in
1889 2343 2013 2410 quo
2048 2329 2179 2391 tres
2210 2325 2319 2409 qui
2356 2329 2768 2392 numerantur

480 2448 736 2508 nouem,
780 2428 945 2497 flunt
990 2428 1205 2496 decem
1254 2434 1366 2497 aut
1410 2431 1546 2496 XX.
1593 2449 1845 2514 semper
1890 2435 2096 2496 tamen
2145 2450 2350 2514 usque
2397 2430 2473 2496 ad
2532 2449 2763 2497 nouem

480 2536 738 2602 uenitur
805 2539 873 2602 et
931 2553 1099 2602 unus
1157 2535 1430 2615 additur,
1490 2536 1639 2619 quia
1691 2555 1917 2603 nouem
1972 2556 2168 2602 unum
2225 2539 2396 2616 sunt,
2453 2540 2531 2602 ut
2581 2535 2765 2620 plena

483 2640 787 2727 perfectio
835 2643 923 2708 sit
968 2641 1253 2710 unitatis.
2605 2626 2613 2635 ⁶
2797 2666 2845 2708 ιο

482 2848 888 2916 Lxxxvnl.
937 2848 1014 2916 SI
1052 2848 1326 2916 MAIOR
1361 2849 1673 2917 GRATIA
1720 2850 1825 2916 ET
1871 2849 2442 2917 MANIFESTIOR
2487 2849 2764 2916 INTEL-

482 2954 906 3022 LEGENTIA
977 2955 1068 3022 m
1131 2954 1363 3023 Nouo
1428 2956 1580 3023 EST
1647 2955 1889 3036 QUAM
1953 2954 2043 3022 m
2102 2956 2428 3034 UETERI,
2478 2955 2765 3036 QUARE

481 3060 773 3128 ESEIAS
819 3060 1201 3128 PROFETA
1247 3061 1697 3129 SEDENTEM
1743 3060 1833 3127 IN
1878 3060 2222 3128 THRONO
2259 3060 2766 3129 MAIESTATIS

481 3167 721 3235 mnu*
764 3166 1174 3235 DOMINUM
1211 3167 1620 3246 SABAOTH,
1660 3167 1807 3248 QUI
1844 3168 1995 3236 EST
2034 3166 2464 3242 CHRISTUS,
2503 3167 2766 3235 IUXTA

479 3272 1338 3341 INTERPRETATIONEM
1383 3273 1794 3343 IOHANNIS
1838 3273 2479 3342 EUANGELISTAE
2518 3310 2606 3321 —
2652 3272 2767 3338 DI·
2810 3300 2853 3345 ιε

480 3379 626 3447 xl'l·
654 3379 870 3446 ENIM
897 3379 1156 3446 INTER
1192 3378 1543 3447 CETERA:
1581 3378 1828 3446 ‘HAEC
1856 3378 2237 3447 LOCUTUS
2266 3379 2417 3446 EST
2446 3377 2765 3452 ESEIAS‚

485 3482 837 3567 QUANDO
893 3484 1128 3551 UIDIT
1182 3482 1731 3551 MAIESTATEM
1785 3483 1974 3551 EIUS
2030 3485 2136 3551 ΕΤ
2182 3483 2565 3551 LOCUTUS
2613 3483 2768 3550 EST

485 3591 596 3656 DE
633 3590 764 3657 EO'
792 3627 898 3668 —‚
928 3588 1018 3656 m
1064 3587 1295 3658 Nono
1344 3591 1638 3656 AUTEM
1677 3589 2168 3658 STEPHANUS
2206 3588 2525 3656 PRIMUS
2557 3589 2767 3655 MAR-

484 3696 648 3763 TYB
707 3695 1099 3763 STANTEM
1148 3694 1473 3763 UIDISSE
1531 3695 1627 3764 SE
1685 3696 1911 3763 DICIT
1974 3695 2237 3763 IESUM
2295 3698 2346 3761 A
2401 3692 2768 3761 DEXTRIS

488 3802 676 3868 DEI?
705 3799 911 3882 QUID
952 3801 1103 3868 EST
1141 3800 1391 3868 ISTUD
1428 3801 1538 3867 UT
1576 3801 1722 3869 HIC
1741 3800 2003 3882 ,QUASI
2033 3800 2493 3868 SUBIECTUS
2537 3801 2766 3867 FIDE·
2802 3829 2853 3872 20

481 3907 708 3975 ATUR
767 3906 978 3973 POST
1030 3906 1522 3974 TRIUMPHOS
1587 3908 1693 3974 ET
1755 3908 1975 3975 ILLIC
2042 3907 2294 3990 QUASI
2353 3906 2768 3984 nolumus,

1137 4011 1607 4094 ANTEQUAM
1654 4015 2116 4082 UINCERET?

575 4155 773 4221 Prout
818 4173 1010 4222 causa
1055 4175 1124 4221 se
1172 4155 1345 4235 feeit,
1391 4156 1481 4222 ita
1537 4160 1601 4222 et
1656 4156 1949 4222 dominus
2006 4174 2073 4222 se
2131 4155 2427 4222 ostendit.
2482 4155 2767 4238 profetae

485 4260 653 4326 enim
699 4261 883 4327 uisus
930 4265 1030 4327 est
1075 4262 1256 4345 quasi
1304 4281 1405 4328 rex
1453 4263 1794 4347 corripiens
1858 4263 2104 4346 plebem
2162 4266 2229 4328 et
2272 4263 2392 4327 hoe
2440 4281 2508 4327 se
2558 4263 2769 4327 osten·

487 4366 582 4432 dit
628 4366 796 4450 quod
841 4371 1001 4442 erat:
1049 4368 1112 4433 in
1150 4387 1303 4451 pace
1342 4369 1509 4434 enim
1547 4372 1683 4434 erat
1719 4388 1912 4434 causa
1949 4368 2203 4434 deitatis
2243 4369 2400 4434 eius.
2447 4365 2766 4450 Stephano
2799 4394 2845 4439 ες,

485 4476 697 4540 autem
729 4476 802 4538 ut
829 4476 1003 4539 stans
1033 4477 1376 4558 appareret,
1407 4474 1558 4540 feeit
1586 4475 1902 4540 calumnia
1928 4474 2322 4540 Iudaeorum.
2353 4474 2416 4538 in
2446 4472 2764 4558 Stephano

485 4582 697 4645 autem
739 4579 1074 4645 saluatoris
1114 4598 1305 4646 causa
1333 4581 1464 4645 uim
1502 4581 1886 4665 patiebatur;
1926 4580 2067 4647 ideo
2108 4580 2364 4647 sedente
2400 4579 2614 4645 iudice
2652 4578 2764 4643 deo

668 4804 736 4859 18
773 4803 839 4858 ef.
878 4803 1024 4860 Ειιί.
1063 4805 1113 4868 6,
1156 4805 1180 4858 1
1300 4806 1362 4859 16
1399 4805 1516 4860 Iob.
1559 4807 1638 4872 12,
1678 4807 1746 4860 41
1861 4807 1926 4860 19
1959 4806 2033 4861 ’et
2072 4807 2192 4860 Act.
2231 4806 2280 4874 7,
2319 4807 2388 4859 52⁹»

309 4927 489 4996 defi?
559 4929 594 4982 2
630 4943 825 4983 nouem
860 4929 946 4996 (in
983 4931 1116 4996 me.)
1152 4929 1214 4983 N
1326 4930 1384 4983 in
1419 4946 1476 4985 ee
1514 4932 1661 4998 sunt]
1701 4931 1948 4985 inserunt
1982 4931 2045 4984 X
2155 4930 2382 4999 faciunt]
2422 4929 2669 4984 adiciunt
2708 4930 2765 4982 A·

487 5015 522 5070 8
559 5017 618 5071 in
653 5032 761 5070 uno
799 5017 932 5086 tren]
971 5020 1084 5073 tren
1121 5017 1174 5070 in
1214 5034 1321 5072 uno
1354 5017 1461 5073 ΘΑ
1530 5021 1567 5073 4
1604 5018 1788 5073 differt
1823 5019 1889 5087 (ff
1917 5020 1980 5073 in
2014 5021 2152 5086 ran.)
2176 5017 2243 5072 N
2272 5016 2451 5073 desert
2486 5018 2550 5071 Χ
2618 5019 2653 5072 5
2681 5020 2767 5070 ter

486 5120 589 5159 om.
619 5105 681 5159 X
793 5102 927 5174 tres]
963 5107 1075 5159 tere
1113 5109 1275 5169 (corr.
1310 5110 1426 5172 κέ)
1455 5106 1529 5160 Μ
1593 5107 1627 5161 8
1659 5107 1831 5162 decim
1860 5107 1978 5161 NX
2087 5106 2153 5160 ad
2190 5122 2294 5161 om.
2326 5105 2435 5162 ΟΛ
2511 5106 2578 5160 13
2604 5109 2766 5160 trorm

492 5192 541 5245 u
574 5189 728 5258 (add.
765 5191 801 5245 h
838 5208 880 5245 s.
921 5191 1001 5260 1.),
1027 5191 1083 5246 Β
1185 5194 1249 5248 18
1285 5193 1521 5249 iteranti·
1560 5204 1606 5261 (ι
1641 5212 1685 5250 a.
1723 5195 1765 5262 i)
1793 5194 1866 5249 Μ
1962 5195 2027 5249 19
2066 5193 2270 5249 uidisse
2305 5209 2409 5248 om.
2451 5192 2606 5261 (add.
2630 5192 2761 5249 ε.-Ι.ι

489 5279 551 5333 Ν
672 5279 726 5348 ι]
761 5277 830 5332 ad
865 5279 941 5333 M
1030 5279 1101 5334 22
1136 5282 1436 5337 ”uinceret
1473 5282 1522 5336 G
1615 5282 1685 5336 23
1722 5299 1781 5337 ee
1817 5282 1969 5352 fecit]
2007 5281 2200 5337 refecit
2233 5282 2326 5341 M.-
2367 5299 2443 5336 an
2480 5297 2593 5335 rem
2633 5281 2765 5335 fecit

492 5365 808 5435 leyemlmn?
880 5368 949 5421 24
988 5385 1071 5423 res
1112 5371 1294 5438 (eurr.)
1322 5369 1398 5425 Π
1460 5371 1530 5425 26
1559 5372 1853 5442 stesphano
1881 5371 2003 5426 (alt.
2040 5387 2066 5424 ι
2105 5373 2248 5440 ap.)
2272 5370 2347 5424 M
2414 5369 2482 5425 27
2519 5368 2690 5424 iudici
2722 5370 2771 5421 (Ι
