3275 6434
645 1403 813 1474 ceprcn
832 1404 1017 1462 a-xcrna
1344 1411 1406 1475 163

270 1599 341 1681 guis
362 1617 446 1665 unus
470 1598 596 1682 quidem
626 1602 677 1664 est
703 1599 846 1682 spiritus,
875 1600 931 1665 sed
958 1599 1041 1665 dona
1067 1599 1162 1665 habet
1189 1601 1300 1666 multa.
1333 1620 1406 1667 enm

270 1723 340 1789 ergo
362 1704 482 1790 legitur
503 1704 634 1788 spiritns
657 1709 797 1783 sanetus,
820 1705 965 1789 intellegi
989 1705 1085 1771 debet
1106 1709 1139 1770 et
1161 1706 1231 1771 eius
1254 1705 1406 1784 officium,

269 1811 298 1874 in
320 1828 384 1893 quo
407 1810 453 1875 sit
472 1810 679 1894 significatus.
701 1828 773 1875 nam
797 1812 872 1893 quie
895 1815 928 1877 et
949 1829 1022 1876 euru
1046 1812 1092 1878 eis
1112 1815 1179 1876 eret
1202 1815 1234 1876 et
1251 1817 1406 1878 uenturus

268 1921 342 1995 erat
363 1934 427 1982 non
449 1919 501 1981 est
525 1915 652 1991 falsum,
681 1914 737 1979 sed
764 1916 792 1980 si
819 1935 881 1983 non
908 1916 995 1982 istud
1023 1916 1062 1981 ad
1089 1936 1255 2001 personam
1288 1917 1405 1994 trahes,

227 2042 250 2085 e
268 2021 323 2086 sed
340 2020 381 2087 ad
403 2027 561 2088 naturam.
584 2022 715 2089 alterum
740 2023 823 2088 enim
848 2041 882 2088 ae
906 2027 1073 2089 uenturum
1102 2042 1120 2087 s
1147 2027 1235 2106 patre
1261 2024 1409 2108 promisit

268 2127 425 2206 Christus,
443 2130 489 2206 ut,
507 2127 582 2211 qnia
603 2127 781 2194 indifferens
800 2131 851 2193 eet
869 2147 976 2193 eorum
996 2128 1159 2206 diuinitas,
1179 2131 1209 2194 in
1229 2130 1407 2214 praesentia

267 2232 386 2297 Christi
408 2250 470 2298 non
492 2232 607 2298 absens
630 2236 760 2315 putetur
783 2232 915 2316 spiritus
938 2237 1067 2300 sanetus
1097 2237 1130 2299 et
1157 2235 1188 2299 in
1211 2233 1351 2302 aduentu
1375 2239 1408 2301 et

267 2341 297 2404 in
318 2338 503 2422 apparentia
525 2339 657 2421 spiritus
680 2339 781 2405 suncti
804 2357 952 2422 praesens
975 2341 1162 2405 aestimetur
1188 2344 1221 2405 et
1248 2340 1405 2407 Christus.

267 2445 334 2510 ideo
358 2462 432 2510 enm
454 2448 624 2510 uenturum
648 2463 721 2510 enm
744 2445 919 2528 promittat,
944 2444 1036 2510 dioit:
1061 2464 1127 2511 uos
1152 2445 1294 2511 uidetis
1314 2465 1407 2524 eum,

213 2571 254 2615 sn
269 2549 355 2633 qnia
377 2547 474 2631 apud
504 2567 572 2616 uos
594 2553 718 2614 manet
745 2553 781 2615 et
803 2549 1002 2616 nobiseum
1025 2554 1093 2632 est,
1116 2557 1153 2617 ut
1176 2552 1277 2618 seenri
1300 2555 1408 2618 essent

268 2654 411 2739 spostoli
425 2655 500 2739 quis
512 2657 586 2739 post
596 2673 762 2721 ascensum
777 2654 896 2721 domini
910 2673 971 2721 non
986 2657 1139 2723 minorem
1153 2661 1209 2723 ant
1221 2656 1406 2743 degenerem

270 2761 303 2826 ad
334 2761 503 2827 tuitionem
532 2760 670 2826 habituri
698 2764 806 2826 essent
834 2765 992 2844 pastorem
1020 2765 1078 2837 aut
1101 2782 1218 2850 regem.
1245 2782 1317 2829 nam
1344 2783 1405 2832 non

269 2873 315 2934 est
335 2867 469 2934 dubium
492 2885 552 2934 non
576 2867 685 2933 datum
708 2886 780 2933 esse
810 2867 1012 2933 erodentibus
1041 2869 1190 2951 spiritum
1219 2870 1292 2950 nisi,
1321 2870 1407 2937 siout

270 2973 463 3058 euangelista
482 2976 630 3053 testatur,
653 2976 823 3056 postquem
847 2971 971 3038 deuicta
994 2978 1095 3039 morte
1123 2992 1290 3061 resurgens
1318 2975 1407 3040 olari·

235 3077 377 3144 antestes
410 3082 459 3143 est
491 3076 646 3145 domiuus.
680 3078 784 3161 ipsius
816 3078 900 3143 enim
932 3078 1128 3146 triumfantis
1160 3080 1278 3146 domini
1310 3080 1407 3146 uerba

270 3188 339 3249 nunt
357 3185 393 3248 et
414 3182 564 3249 dioentisz
587 3183 674 3264 qnia
692 3182 878 3249 Iohannes
898 3183 1047 3266 quidem
1067 3185 1284 3268 baptizanit
1300 3204 1406 3269 aqua,

270 3309 331 3355 uos
349 3292 474 3354 autem
493 3286 634 3370 spiritu
652 3292 784 3354 saneto
804 3288 1104 3373 baptizabimini,
1123 3308 1230 3374 quem
1249 3294 1287 3355 et
1305 3308 1407 3356 aeeo-

271 3393 368 3476 pturi
393 3393 488 3459 estis
512 3412 582 3459 non
605 3398 694 3476 post
717 3394 861 3460 multos
884 3394 951 3459 hos
976 3394 1067 3464 dien.
1092 3395 1153 3461 hoe
1176 3399 1318 3481 tempore
1342 3413 1404 3480 qno

269 3498 432 3566 oscendere
455 3499 494 3564 sd
516 3502 638 3582 patrem
661 3498 831 3584 disposuit,
853 3500 1021 3567 interfatus
1044 3500 1178 3567 uidetur.

237 3630 260 3671 n
308 3608 338 3671 2
355 3604 441 3671 Illud
460 3609 565 3672 antem
585 3605 670 3689 quod
688 3605 869 3672 insufflasse
883 3606 915 3671 in
934 3606 1109 3690 diseipnlos
1129 3606 1275 3672 dominus
1290 3607 1408 3693 tegitur

270 3717 335 3794 post
348 3711 417 3777 dies
431 3730 548 3795 pannos
562 3711 800 3778 resurrectionis
815 3731 892 3777 suae
908 3716 941 3777 et
954 3711 1084 3777 dixisse:
1108 3713 1273 3795 aecipite
1297 3713 1406 3795 spiri·

271 3824 341 3883 tum
355 3822 536 3897 sanetum,
550 3817 767 3884 eeclesiastioa
776 3821 919 3903 potestus
929 3818 1125 3904 intellegitur
1138 3836 1221 3884 esse.
1237 3819 1311 3902 quia
1323 3819 1406 3883 enim

270 3925 369 3990 omnia
391 3924 422 3989 in
445 3923 614 3991 traditione
637 3924 794 3990 dominica
821 3944 877 4010 per
904 3925 1052 4008 spiritum
1082 3928 1227 3990 sanetum
1256 3928 1406 4009 aguntur,

270 4028 391 4108 ideireo,
410 4048 484 4095 oum
496 4030 608 4116 regule
620 4030 667 4095 eis
684 4034 716 4095 et
729 4031 830 4097 terma
843 4030 979 4097 traditur
993 4030 1089 4096 iuius
1103 4028 1190 4096 modi
1209 4029 1405 4112 discipliuae,

240 4135 381 4203 udieitnr
407 4135 468 4202 eis:
492 4136 656 4220 aooipits
684 4137 860 4219 spiritum
889 4141 1071 4203 sanetum.
1100 4141 1134 4202 et
1161 4135 1236 4220 quia
1263 4154 1337 4203 uere
1365 4135 1405 4200 ad

273 4240 315 4306 ine
350 4241 603 4307 oonteeiastienm
638 4240 783 4325 pertinet,
820 4241 929 4308 statim
967 4242 1105 4313 subiecit
1140 4242 1264 4308 dieens:
1296 4240 1406 4306 onius

354 4448 532 4505 letlcor.
552 4448 595 4515 12,
612 4450 698 4503 4-11
821 4448 915 4503 eloh.
936 4449 978 4511 14,
998 4449 1029 4502 li
1140 4445 1405 4513 loeo.10e.t,eo

274 4537 378 4592 tenet.
400 4537 459 4597 l.5
513 4536 556 4591 21.
576 4537 610 4591 25
629 4534 688 4590 Ioh.
707 4535 751 4604 20,
770 4536 804 4590 22
861 4535 973 4591 aelst.
992 4535 1035 4604 20,
1055 4535 1090 4591 2³

213 4657 244 4711 ’.Ρ
300 4658 595 4729 2οῒ(σω.ικ2)λί
646 4659 1032 4730 dqeoloo(eorr.sn2pdl
1086 4658 1408 4722 itrnhasssmsutiu

273 4753 332 4815 ros.)
351 4748 390 4803 Μ
449 4746 632 4802 ddiuinoitss
651 4746 680 4800 N
743 4748 821 4801 'ists
839 4754 884 4817 sps
903 4748 932 4802 N
994 4746 1235 4816 deaucti1sde0
1294 4745 1406 4818 edicit]

272 4836 349 4892 adicit
366 4842 447 4904 (sorr.
462 4835 582 4903 etdieit)
605 4836 628 4890 C
698 4852 761 4890 nos·
776 4835 812 4890 Μ
867 4836 899 4890 10
918 4836 1016 4905 securi]
1036 4851 1125 4890 seeum
1144 4834 1177 4889 N
1229 4836 1258 4890 ll
1281 4833 1406 4905 degerem

273 4932 345 4980 (ωτι,
363 4928 424 4992 η2)
442 4923 480 4979 Μ
554 4925 587 4979 12
605 4923 640 4979 sd
659 4924 812 4995 tuitionem]
832 4923 1044 4979 adietionennC
1120 4924 1157 4978 le
1171 4924 1244 4979 sient
1260 4939 1311 4981 om.
1330 4923 1407 4990 (add.

273 5016 322 5083 ut)
339 5012 375 5067 Μ
456 5015 489 5068 14
507 5013 660 5082 caugeiista
677 5012 715 5067 M
794 5014 826 5066 le
845 5012 969 5067 iohannis
990 5012 1129 5078 C(eorr.),
1148 5010 1178 5066 N
1258 5012 1290 5066 11
1308 5010 1407 5082 bapte-

273 5100 393 5157 ssbinnini
409 5104 503 5168 (corr.)
520 5101 557 5156 u
655 5102 688 5156 le
706 5101 827 5172 diaposni
845 5101 880 5177 dl
986 5100 1058 5155 inter
1075 5100 1164 5155 ineius
1182 5103 1263 5168 (corr.
1281 5098 1365 5168 istos)
1386 5097 1410 5151 C

273 5188 302 5243 ‘it
318 5190 391 5245 intra
408 5188 573 5244 dictionet'
687 5191 936 5260 aguntur-regula
953 5190 983 5243 in
1005 5188 1106 5244 rosi)
1209 5190 1244 5243 ‘2⁴
1262 5184 1356 5242 mnndi
1373 5183 1411 5240 Μ

275 5275 303 5331 25
320 5275 386 5333 dicit
406 5276 462 5334 GA

1322 5378 1372 5434 lt·
